symbol,timestamp,bid,ask
AAPL,2019-05-01 09:30:00.410166,210.45,211.02
AAPL,2019-05-01 09:30:00.491133,210.8,211.15
CVX,2019-05-01 09:30:00.544263,117.76,118.34
BAC,2019-05-01 09:30:00.585684,30.24,30.27
CVX,2019-05-01 09:30:01.096591,118.22,118.54
AAPL,2019-05-01 09:30:01.131702,210.925,211.2
AAPL,2019-05-01 09:30:01.185615,210.98,211.21
AAPL,2019-05-01 09:30:01.349968,210.73,211.34
AAPL,2019-05-01 09:30:01.404082,211.15,211.4
CVX,2019-05-01 09:30:01.436049,118.26,118.37
BAC,2019-05-01 09:30:01.741589,30.23,30.26
CVX,2019-05-01 09:30:01.951923,118.25,118.35
BAC,2019-05-01 09:30:02.097077,30.23,30.26
CVX,2019-05-01 09:30:02.231242,118.26,118.54
AAPL,2019-05-01 09:30:02.307332,211.2433,211.61
CVX,2019-05-01 09:30:02.448105,118.48,118.58
CVX,2019-05-01 09:30:03.000585,118.43,118.56
BAC,2019-05-01 09:30:03.032961,30.25,30.28
AAPL,2019-05-01 09:30:03.071156,211.42,211.64
CVX,2019-05-01 09:30:03.106683,118.41,118.5
CVX,2019-05-01 09:30:03.181396,118.41,118.48
BAC,2019-05-01 09:30:03.391140,30.24,30.27
BAC,2019-05-01 09:30:03.773369,30.23,30.265
CVX,2019-05-01 09:30:03.844774,118.43,118.605
CVX,2019-05-01 09:30:03.904172,118.51,118.56
AAPL,2019-05-01 09:30:03.978107,211.55,211.95
CVX,2019-05-01 09:30:04.484838,118.52,118.62
BAC,2019-05-01 09:30:04.544739,30.24,30.27
AAPL,2019-05-01 09:30:04.833162,211.79,212.07
CVX,2019-05-01 09:30:05.437209,118.59,118.705
BAC,2019-05-01 09:30:05.460271,30.26,30.275
AAPL,2019-05-01 09:30:05.648660,211.89,212.218
BAC,2019-05-01 09:30:05.719088,30.2515,30.28
AAPL,2019-05-01 09:30:05.970987,211.81799999999998,212.1
CVX,2019-05-01 09:30:06.150002,118.66,118.74
BAC,2019-05-01 09:30:06.518958,30.255,30.29
AAPL,2019-05-01 09:30:06.633100,211.76,212.315
BAC,2019-05-01 09:30:06.875874,30.27,30.31
CVX,2019-05-01 09:30:07.001505,118.62,118.81
BAC,2019-05-01 09:30:07.102123,30.29,30.3269
CVX,2019-05-01 09:30:07.183971,118.715,118.8
AAPL,2019-05-01 09:30:07.309498,212.2,212.48
AAPL,2019-05-01 09:30:07.515001,212.44,212.77
CVX,2019-05-01 09:30:07.556164,118.76,118.81
BAC,2019-05-01 09:30:08.099184,30.305,30.345
CVX,2019-05-01 09:30:08.389799,118.73,118.84
AAPL,2019-05-01 09:30:08.397543,212.58,212.7799
AAPL,2019-05-01 09:30:08.749429,212.48,212.69
BAC,2019-05-01 09:30:08.966745,30.33,30.36
CVX,2019-05-01 09:30:08.983178,118.71,118.79
AAPL,2019-05-01 09:30:09.623192,212.35,212.71
CVX,2019-05-01 09:30:09.873357,118.72,118.815
AAPL,2019-05-01 09:30:09.889093,212.36,212.67
BAC,2019-05-01 09:30:09.930005,30.34,30.41
AAPL,2019-05-01 09:30:10.039380,212.56,212.86
AAPL,2019-05-01 09:30:10.148563,212.8,213.11
BAC,2019-05-01 09:30:10.301731,30.39,30.4151
BAC,2019-05-01 09:30:10.406405,30.39,30.4159
BAC,2019-05-01 09:30:10.537108,30.4,30.43
BAC,2019-05-01 09:30:10.579124,30.395,30.41
CVX,2019-05-01 09:30:10.825479,118.81,118.86
AAPL,2019-05-01 09:30:10.926058,212.9655,213.3
BAC,2019-05-01 09:30:10.973604,30.39,30.435
CVX,2019-05-01 09:30:10.979807,118.83,118.95
AAPL,2019-05-01 09:30:11.240278,212.92,213.07
BAC,2019-05-01 09:30:11.322648,30.41,30.43
CVX,2019-05-01 09:30:11.669368,118.84,118.95
BAC,2019-05-01 09:30:11.890785,30.42,30.48
AAPL,2019-05-01 09:30:12.050465,212.9,213.13
BAC,2019-05-01 09:30:12.170325,30.46,30.49
CVX,2019-05-01 09:30:12.438691,118.84,118.96
AAPL,2019-05-01 09:30:12.548350,212.63,213.0
BAC,2019-05-01 09:30:12.733994,30.46,30.51
AAPL,2019-05-01 09:30:13.126236,212.72,212.99
CVX,2019-05-01 09:30:13.179067,118.88,118.94
BAC,2019-05-01 09:30:13.613490,30.47,30.505
AAPL,2019-05-01 09:30:14.044604,212.71,212.94
CVX,2019-05-01 09:30:14.086032,118.9,119.0
CVX,2019-05-01 09:30:14.559022,118.92,118.985
BAC,2019-05-01 09:30:14.575389,30.47,30.535
AAPL,2019-05-01 09:30:14.796279,212.57,213.1575
AAPL,2019-05-01 09:30:14.982792,213.05,213.4
CVX,2019-05-01 09:30:15.061361,118.93,118.97
AAPL,2019-05-01 09:30:15.208442,213.3,213.74
BAC,2019-05-01 09:30:15.333763,30.51,30.549
AAPL,2019-05-01 09:30:15.517297,213.67,213.89
AAPL,2019-05-01 09:30:15.732314,213.88,214.08
AAPL,2019-05-01 09:30:15.858760,214.0,214.1627
CVX,2019-05-01 09:30:15.984942,118.95,119.06
BAC,2019-05-01 09:30:16.194492,30.53,30.555
AAPL,2019-05-01 09:30:16.445732,213.75,214.05
AAPL,2019-05-01 09:30:16.703600,213.82,214.14
AAPL,2019-05-01 09:30:16.828689,214.1001,214.33
CVX,2019-05-01 09:30:16.848564,118.97,119.07
BAC,2019-05-01 09:30:16.891389,30.53,30.565
AAPL,2019-05-01 09:30:17.203007,214.33,214.49
CVX,2019-05-01 09:30:17.593218,118.96,119.025
BAC,2019-05-01 09:30:17.666127,30.545,30.585
AAPL,2019-05-01 09:30:17.802026,214.46,214.6
BAC,2019-05-01 09:30:18.263661,30.575,30.61
AAPL,2019-05-01 09:30:18.479712,214.45,214.67
BAC,2019-05-01 09:30:18.538555,30.58,30.61
CVX,2019-05-01 09:30:18.583460,118.99,119.05
AAPL,2019-05-01 09:30:18.809868,214.64,214.8
BAC,2019-05-01 09:30:19.175202,30.59,30.62
CVX,2019-05-01 09:30:19.233469,118.96,119.03
AAPL,2019-05-01 09:30:19.409913,214.54,214.69
CVX,2019-05-01 09:30:19.720964,118.88,118.98
AAPL,2019-05-01 09:30:19.770641,214.46,214.6
BAC,2019-05-01 09:30:19.994364,30.56,30.6
CVX,2019-05-01 09:30:20.498258,118.86,118.91
AAPL,2019-05-01 09:30:20.667716,214.47,214.68
AAPL,2019-05-01 09:30:20.715728,214.41,214.6
BAC,2019-05-01 09:30:20.987730,30.565,30.5885
BAC,2019-05-01 09:30:20.998829,30.5712,30.615
AAPL,2019-05-01 09:30:21.146323,214.35,214.49
AAPL,2019-05-01 09:30:21.199488,214.33,214.51
CVX,2019-05-01 09:30:21.325180,118.89,118.97
CVX,2019-05-01 09:30:21.654010,118.97,119.02
AAPL,2019-05-01 09:30:21.891907,214.255,214.42
BAC,2019-05-01 09:30:21.948066,30.6,30.64
BAC,2019-05-01 09:30:21.978157,30.63,30.65
AAPL,2019-05-01 09:30:22.081650,214.1,214.29
AAPL,2019-05-01 09:30:22.546103,214.0,214.2
CVX,2019-05-01 09:30:22.568304,119.01,119.06
AAPL,2019-05-01 09:30:22.632840,213.895,214.09
AAPL,2019-05-01 09:30:22.679600,213.85,214.11
BAC,2019-05-01 09:30:22.865656,30.63,30.6469
BAC,2019-05-01 09:30:23.253676,30.63,30.655
CVX,2019-05-01 09:30:23.303503,119.0,119.07
AAPL,2019-05-01 09:30:23.602730,213.85,214.17
BAC,2019-05-01 09:30:24.153910,30.63,30.66
CVX,2019-05-01 09:30:24.299532,119.06,119.12
AAPL,2019-05-01 09:30:24.464854,213.78,213.94
BAC,2019-05-01 09:30:25.149336,30.6201,30.66
CVX,2019-05-01 09:30:25.184973,119.09,119.13
AAPL,2019-05-01 09:30:25.307901,213.79,214.0602
CVX,2019-05-01 09:30:25.633195,119.05,119.1
CVX,2019-05-01 09:30:25.688332,119.05,119.1565
CVX,2019-05-01 09:30:25.879689,119.11,119.16
BAC,2019-05-01 09:30:26.074187,30.64,30.66
AAPL,2019-05-01 09:30:26.230278,213.84,214.09
BAC,2019-05-01 09:30:26.418687,30.63,30.65
AAPL,2019-05-01 09:30:26.515631,213.78,214.03
AAPL,2019-05-01 09:30:26.758231,213.73,214.2233
BAC,2019-05-01 09:30:26.865897,30.63,30.65
CVX,2019-05-01 09:30:26.867735,119.1,119.1613
BAC,2019-05-01 09:30:27.118481,30.63,30.66
CVX,2019-05-01 09:30:27.310987,119.08,119.13
BAC,2019-05-01 09:30:27.508930,30.63,30.655
AAPL,2019-05-01 09:30:27.617199,214.19,214.4
BAC,2019-05-01 09:30:28.035342,30.62,30.645
CVX,2019-05-01 09:30:28.113551,119.06,119.15
CVX,2019-05-01 09:30:28.253660,119.07,119.15
CVX,2019-05-01 09:30:28.547213,119.0543,119.11
AAPL,2019-05-01 09:30:28.606798,214.24,214.4
BAC,2019-05-01 09:30:28.682641,30.62,30.64
AAPL,2019-05-01 09:30:28.810159,214.05,214.3
AAPL,2019-05-01 09:30:28.942253,214.065,214.3
BAC,2019-05-01 09:30:29.117693,30.61,30.635
AAPL,2019-05-01 09:30:29.277382,214.0,214.2679
AAPL,2019-05-01 09:30:29.302550,214.04,214.15
CVX,2019-05-01 09:30:29.529641,119.08,119.12
BAC,2019-05-01 09:30:29.535631,30.605,30.65
BAC,2019-05-01 09:30:29.617525,30.625,30.65
AAPL,2019-05-01 09:30:29.835190,213.9,214.165
BAC,2019-05-01 09:30:30.080562,30.61,30.65
CVX,2019-05-01 09:30:30.134888,119.08,119.13
BAC,2019-05-01 09:30:30.234560,30.615,30.65
AAPL,2019-05-01 09:30:30.605402,214.05,214.32
AAPL,2019-05-01 09:30:30.623911,214.13,214.23
CVX,2019-05-01 09:30:30.912026,119.09,119.18
AAPL,2019-05-01 09:30:31.114381,213.89,214.23
BAC,2019-05-01 09:30:31.220482,30.605,30.63
CVX,2019-05-01 09:30:31.306055,119.1,119.2
AAPL,2019-05-01 09:30:31.566097,213.65,213.93
AAPL,2019-05-01 09:30:31.842970,213.61,214.0
BAC,2019-05-01 09:30:31.897540,30.58,30.61
BAC,2019-05-01 09:30:31.909557,30.53,30.595
CVX,2019-05-01 09:30:32.074384,119.05,119.15
AAPL,2019-05-01 09:30:32.268626,213.56,214.06
BAC,2019-05-01 09:30:32.685433,30.58,30.61
AAPL,2019-05-01 09:30:32.794110,213.72,213.9636
CVX,2019-05-01 09:30:32.975907,119.07,119.13
BAC,2019-05-01 09:30:32.976030,30.575,30.595
BAC,2019-05-01 09:30:33.288003,30.565,30.6
AAPL,2019-05-01 09:30:33.488907,213.77,214.02
CVX,2019-05-01 09:30:33.731032,119.08,119.13
BAC,2019-05-01 09:30:34.203229,30.56,30.595
AAPL,2019-05-01 09:30:34.455908,213.9463,214.0964
CVX,2019-05-01 09:30:34.614055,119.0475,119.12
BAC,2019-05-01 09:30:34.860210,30.55,30.59
AAPL,2019-05-01 09:30:35.106434,213.85,214.19
CVX,2019-05-01 09:30:35.111181,119.1,119.18
BAC,2019-05-01 09:30:35.135410,30.56,30.5899
AAPL,2019-05-01 09:30:35.324969,214.1,214.35
CVX,2019-05-01 09:30:35.523808,119.12,119.205
CVX,2019-05-01 09:30:35.568249,119.075,119.2305
BAC,2019-05-01 09:30:35.969337,30.57,30.605
BAC,2019-05-01 09:30:36.018998,30.585,30.64
AAPL,2019-05-01 09:30:36.032686,214.05,214.33
CVX,2019-05-01 09:30:36.066730,119.09,119.18
AAPL,2019-05-01 09:30:36.465106,213.99,214.18
CVX,2019-05-01 09:30:36.506664,119.025,119.16
CVX,2019-05-01 09:30:36.652615,119.04,119.14
BAC,2019-05-01 09:30:36.669068,30.56,30.64
CVX,2019-05-01 09:30:36.778411,118.99,119.17
CVX,2019-05-01 09:30:36.832026,118.98,119.03
CVX,2019-05-01 09:30:37.080395,118.97,119.03
AAPL,2019-05-01 09:30:37.356164,213.84,214.14
BAC,2019-05-01 09:30:37.548566,30.52,30.57
BAC,2019-05-01 09:30:37.720077,30.51,30.54
CVX,2019-05-01 09:30:37.747675,118.89,119.03
AAPL,2019-05-01 09:30:37.992481,213.43,213.93
BAC,2019-05-01 09:30:38.219097,30.515,30.58
BAC,2019-05-01 09:30:38.448225,30.5327,30.5899
CVX,2019-05-01 09:30:38.490902,118.81,118.89
AAPL,2019-05-01 09:30:38.851333,213.54,213.9345
BAC,2019-05-01 09:30:39.282005,30.525,30.57
CVX,2019-05-01 09:30:39.380641,118.7875,118.925
BAC,2019-05-01 09:30:39.536322,30.555,30.6
AAPL,2019-05-01 09:30:39.575783,213.9,214.28
CVX,2019-05-01 09:30:39.839419,118.81,118.93
AAPL,2019-05-01 09:30:40.101775,214.01,214.43
BAC,2019-05-01 09:30:40.255595,30.5832,30.61
AAPL,2019-05-01 09:30:40.671424,214.3,214.59
CVX,2019-05-01 09:30:40.680368,118.82,118.865
CVX,2019-05-01 09:30:40.714351,118.82,118.9
BAC,2019-05-01 09:30:41.175288,30.585,30.615
CVX,2019-05-01 09:30:41.446372,118.8965,118.97
AAPL,2019-05-01 09:30:41.583981,214.46,214.6
AAPL,2019-05-01 09:30:41.611853,214.49,214.69
BAC,2019-05-01 09:30:41.773660,30.59,30.6161
AAPL,2019-05-01 09:30:42.049890,214.46,214.71
CVX,2019-05-01 09:30:42.072861,118.94,118.99
AAPL,2019-05-01 09:30:42.097594,214.37,214.64
AAPL,2019-05-01 09:30:42.381522,214.56,214.9
AAPL,2019-05-01 09:30:42.420194,214.73,214.92
BAC,2019-05-01 09:30:42.463385,30.585,30.63
CVX,2019-05-01 09:30:42.718952,118.89,118.99
BAC,2019-05-01 09:30:43.354874,30.59,30.63
CVX,2019-05-01 09:30:43.369273,118.94,119.03
AAPL,2019-05-01 09:30:43.416818,214.71599999999998,214.83
CVX,2019-05-01 09:30:43.630858,118.91,119.03
BAC,2019-05-01 09:30:43.643765,30.59,30.64
BAC,2019-05-01 09:30:43.666550,30.575,30.62
AAPL,2019-05-01 09:30:44.191085,214.75,214.95
CVX,2019-05-01 09:30:44.448467,118.86,118.956
BAC,2019-05-01 09:30:44.517187,30.535,30.59
CVX,2019-05-01 09:30:44.677864,118.7863,118.9036
CVX,2019-05-01 09:30:44.771262,118.77,118.88
BAC,2019-05-01 09:30:44.867886,30.535,30.595
AAPL,2019-05-01 09:30:45.017094,214.84,214.96
CVX,2019-05-01 09:30:45.124716,118.87,118.91
AAPL,2019-05-01 09:30:45.212035,214.8722,215.1
BAC,2019-05-01 09:30:45.481757,30.52,30.585
AAPL,2019-05-01 09:30:45.800807,214.87,215.07
AAPL,2019-05-01 09:30:45.820045,214.78,215.05
AAPL,2019-05-01 09:30:45.837320,214.88,215.0
CVX,2019-05-01 09:30:45.951340,118.89,118.98
BAC,2019-05-01 09:30:46.219784,30.505,30.57
AAPL,2019-05-01 09:30:46.632985,214.87,214.99
BAC,2019-05-01 09:30:46.671869,30.505,30.57
BAC,2019-05-01 09:30:46.720976,30.445,30.55
CVX,2019-05-01 09:30:46.843374,118.88,119.01
BAC,2019-05-01 09:30:46.847320,30.385,30.46
AAPL,2019-05-01 09:30:47.052512,214.84,214.98
BAC,2019-05-01 09:30:47.509566,30.37,30.415
AAPL,2019-05-01 09:30:47.541559,214.75,214.95
CVX,2019-05-01 09:30:47.679764,118.915,119.05
AAPL,2019-05-01 09:30:47.939756,214.69,214.84
BAC,2019-05-01 09:30:48.064874,30.34,30.41
BAC,2019-05-01 09:30:48.456507,30.36,30.39
CVX,2019-05-01 09:30:48.645779,118.91,118.97
AAPL,2019-05-01 09:30:48.797835,214.6,214.83
BAC,2019-05-01 09:30:48.913222,30.3134,30.375
BAC,2019-05-01 09:30:48.997433,30.3,30.3507
BAC,2019-05-01 09:30:48.997555,30.351999999999997,30.3887
AAPL,2019-05-01 09:30:49.105621,214.58,214.6607
BAC,2019-05-01 09:30:49.419311,30.36,30.4277
CVX,2019-05-01 09:30:49.474909,118.96,119.0
AAPL,2019-05-01 09:30:49.638817,214.51,214.69
CVX,2019-05-01 09:30:49.678093,118.95,119.0
CVX,2019-05-01 09:30:49.886660,118.99,119.1
CVX,2019-05-01 09:30:50.214028,119.06,119.13
BAC,2019-05-01 09:30:50.257911,30.4,30.43
AAPL,2019-05-01 09:30:50.310941,214.47,214.66
BAC,2019-05-01 09:30:50.495322,30.39,30.42
AAPL,2019-05-01 09:30:50.941865,214.39,214.66
CVX,2019-05-01 09:30:50.968006,118.96,119.06
BAC,2019-05-01 09:30:51.109609,30.3702,30.4
BAC,2019-05-01 09:30:51.177812,30.34,30.38
BAC,2019-05-01 09:30:51.413932,30.31,30.34
BAC,2019-05-01 09:30:51.646289,30.31,30.3399
AAPL,2019-05-01 09:30:51.774341,214.28,214.42
AAPL,2019-05-01 09:30:51.788509,214.36,214.65
CVX,2019-05-01 09:30:51.810175,119.01,119.04
BAC,2019-05-01 09:30:51.946363,30.275,30.3265
AAPL,2019-05-01 09:30:51.949371,214.49,214.61
AAPL,2019-05-01 09:30:52.082523,214.43,214.8
BAC,2019-05-01 09:30:52.427631,30.245,30.33
CVX,2019-05-01 09:30:52.708343,119.02,119.11399999999999
AAPL,2019-05-01 09:30:52.830372,214.64,214.715
BAC,2019-05-01 09:30:53.196354,30.24,30.33
AAPL,2019-05-01 09:30:53.237743,214.55,214.68
CVX,2019-05-01 09:30:53.708201,119.07,119.12
BAC,2019-05-01 09:30:53.899003,30.22,30.25
BAC,2019-05-01 09:30:53.998016,30.23,30.25
AAPL,2019-05-01 09:30:54.135558,214.46,214.72
CVX,2019-05-01 09:30:54.456990,119.0501,119.11
AAPL,2019-05-01 09:30:54.694556,214.66,214.78
CVX,2019-05-01 09:30:54.762367,119.09,119.145
BAC,2019-05-01 09:30:54.775375,30.2201,30.26
BAC,2019-05-01 09:30:54.910745,30.22,30.24
AAPL,2019-05-01 09:30:55.279292,214.6,214.72
BAC,2019-05-01 09:30:55.482347,30.215,30.24
CVX,2019-05-01 09:30:55.499537,119.09,119.15
CVX,2019-05-01 09:30:55.522051,119.09,119.18
AAPL,2019-05-01 09:30:55.849037,214.6451,214.81
BAC,2019-05-01 09:30:56.187915,30.22,30.25
BAC,2019-05-01 09:30:56.359322,30.21,30.23
CVX,2019-05-01 09:30:56.486315,119.14,119.2
BAC,2019-05-01 09:30:56.553647,30.2,30.23
BAC,2019-05-01 09:30:56.563016,30.205,30.25
AAPL,2019-05-01 09:30:56.645629,214.3201,214.8
AAPL,2019-05-01 09:30:56.675814,214.1958,214.34
AAPL,2019-05-01 09:30:57.146815,214.13,214.34
BAC,2019-05-01 09:30:57.360415,30.23,30.28
CVX,2019-05-01 09:30:57.366143,119.11,119.2
AAPL,2019-05-01 09:30:57.774994,214.21,214.45
CVX,2019-05-01 09:30:57.850418,119.14,119.18
BAC,2019-05-01 09:30:58.141347,30.18,30.23
CVX,2019-05-01 09:30:58.456205,119.125,119.2
AAPL,2019-05-01 09:30:58.555503,214.09,214.37
AAPL,2019-05-01 09:30:58.996587,214.22,214.28
BAC,2019-05-01 09:30:59.072315,30.19,30.22
AAPL,2019-05-01 09:30:59.258716,214.145,214.3
CVX,2019-05-01 09:30:59.327748,119.18,119.26
CVX,2019-05-01 09:30:59.419143,119.18,119.26
BAC,2019-05-01 09:30:59.753317,30.19,30.26
CVX,2019-05-01 09:31:00.121154,119.14,119.21
AAPL,2019-05-01 09:31:00.132709,214.09,214.18
CVX,2019-05-01 09:31:00.196216,119.15,119.19
BAC,2019-05-01 09:31:00.425843,30.22,30.25
BAC,2019-05-01 09:31:00.472212,30.2,30.24
AAPL,2019-05-01 09:31:00.755243,214.07,214.17
CVX,2019-05-01 09:31:01.131703,119.12,119.2081
BAC,2019-05-01 09:31:01.386133,30.2,30.2699
AAPL,2019-05-01 09:31:01.484589,213.95,214.13
BAC,2019-05-01 09:31:01.724688,30.26,30.365
CVX,2019-05-01 09:31:01.923553,119.12,119.19
AAPL,2019-05-01 09:31:01.947238,213.9239,214.02
AAPL,2019-05-01 09:31:02.013370,213.8372,213.96
CVX,2019-05-01 09:31:02.159493,119.1,119.22
BAC,2019-05-01 09:31:02.204119,30.2901,30.44
CVX,2019-05-01 09:31:02.249893,119.04,119.11
AAPL,2019-05-01 09:31:02.286538,213.832,213.92
AAPL,2019-05-01 09:31:02.440964,213.81,213.9
CVX,2019-05-01 09:31:02.632931,119.06,119.15
BAC,2019-05-01 09:31:02.816412,30.4101,30.45
BAC,2019-05-01 09:31:03.140434,30.395,30.43
AAPL,2019-05-01 09:31:03.340634,213.84,213.89
CVX,2019-05-01 09:31:03.369823,119.14,119.225
CVX,2019-05-01 09:31:03.454773,119.19,119.3
BAC,2019-05-01 09:31:03.496662,30.4,30.44
AAPL,2019-05-01 09:31:03.710457,213.78,213.89
CVX,2019-05-01 09:31:03.813551,119.16,119.33
AAPL,2019-05-01 09:31:03.850799,213.73,213.8733
CVX,2019-05-01 09:31:03.974089,119.14,119.25
BAC,2019-05-01 09:31:04.207470,30.39,30.42
AAPL,2019-05-01 09:31:04.447083,213.8634,213.93
CVX,2019-05-01 09:31:04.610992,119.15,119.24
AAPL,2019-05-01 09:31:04.627205,213.81,213.93
BAC,2019-05-01 09:31:04.686209,30.4099,30.434
AAPL,2019-05-01 09:31:04.716292,213.8799,213.95
CVX,2019-05-01 09:31:04.774023,119.09,119.18
AAPL,2019-05-01 09:31:04.797980,213.86,213.97
AAPL,2019-05-01 09:31:04.900434,213.85,213.98
CVX,2019-05-01 09:31:05.294156,119.15899999999999,119.19
BAC,2019-05-01 09:31:05.379134,30.38,30.41
AAPL,2019-05-01 09:31:05.527535,213.84,213.9406
BAC,2019-05-01 09:31:05.812614,30.38,30.3899
BAC,2019-05-01 09:31:06.103587,30.37,30.39
AAPL,2019-05-01 09:31:06.207806,213.8268,213.96
CVX,2019-05-01 09:31:06.286456,119.18,119.32
AAPL,2019-05-01 09:31:06.626333,213.86,213.9985
BAC,2019-05-01 09:31:06.848133,30.38,30.4
CVX,2019-05-01 09:31:07.279979,119.14,119.33
AAPL,2019-05-01 09:31:07.473713,213.83,213.96
BAC,2019-05-01 09:31:07.630977,30.3748,30.395
AAPL,2019-05-01 09:31:07.714773,213.85,213.94
AAPL,2019-05-01 09:31:07.974827,213.81,214.0431
CVX,2019-05-01 09:31:08.134213,119.03,119.18
BAC,2019-05-01 09:31:08.278394,30.38,30.39
AAPL,2019-05-01 09:31:08.306826,213.8,214.1
BAC,2019-05-01 09:31:08.340495,30.37,30.39
CVX,2019-05-01 09:31:08.366474,119.12,119.17
BAC,2019-05-01 09:31:08.529417,30.385,30.4
AAPL,2019-05-01 09:31:08.722798,213.88,214.05
AAPL,2019-05-01 09:31:09.253799,214.0,214.2
CVX,2019-05-01 09:31:09.322168,119.11,119.14
CVX,2019-05-01 09:31:09.345970,119.12,119.15
BAC,2019-05-01 09:31:09.417160,30.395,30.42
AAPL,2019-05-01 09:31:09.725980,214.1,214.25
CVX,2019-05-01 09:31:10.065299,119.1,119.16
CVX,2019-05-01 09:31:10.245898,119.13,119.16
BAC,2019-05-01 09:31:10.386294,30.395,30.4063
AAPL,2019-05-01 09:31:10.473379,214.14,214.23
AAPL,2019-05-01 09:31:10.831907,214.06,214.2
CVX,2019-05-01 09:31:10.995555,119.11,119.15
BAC,2019-05-01 09:31:11.067392,30.3842,30.4
BAC,2019-05-01 09:31:11.433456,30.37,30.39
BAC,2019-05-01 09:31:11.621246,30.37,30.38
AAPL,2019-05-01 09:31:11.695137,214.09,214.18
CVX,2019-05-01 09:31:11.704133,119.04,119.11
AAPL,2019-05-01 09:31:12.413639,214.13,214.3
BAC,2019-05-01 09:31:12.418161,30.37,30.395
BAC,2019-05-01 09:31:12.478022,30.375,30.39
CVX,2019-05-01 09:31:12.574691,118.97,119.03
CVX,2019-05-01 09:31:12.659708,118.95,118.98
BAC,2019-05-01 09:31:12.823948,30.375,30.39
BAC,2019-05-01 09:31:12.828516,30.36,30.39
AAPL,2019-05-01 09:31:13.295620,214.09,214.25
AAPL,2019-05-01 09:31:13.374237,214.09,214.3
BAC,2019-05-01 09:31:13.460693,30.3501,30.38
CVX,2019-05-01 09:31:13.472837,118.95,118.98
CVX,2019-05-01 09:31:13.639141,118.94,118.98
AAPL,2019-05-01 09:31:13.977927,214.27,214.43
CVX,2019-05-01 09:31:14.442168,118.92,118.97
BAC,2019-05-01 09:31:14.447038,30.335,30.365
AAPL,2019-05-01 09:31:14.693000,214.27,214.38
BAC,2019-05-01 09:31:15.039225,30.335,30.36
AAPL,2019-05-01 09:31:15.222640,214.3146,214.54
BAC,2019-05-01 09:31:15.260510,30.35,30.3665
CVX,2019-05-01 09:31:15.329072,118.92,118.95
BAC,2019-05-01 09:31:15.745251,30.36,30.39
AAPL,2019-05-01 09:31:15.836000,214.44,214.68
CVX,2019-05-01 09:31:16.014520,118.915,118.97
BAC,2019-05-01 09:31:16.196819,30.3729,30.39
AAPL,2019-05-01 09:31:16.354077,214.53,214.67
AAPL,2019-05-01 09:31:16.540639,214.42,214.55
CVX,2019-05-01 09:31:16.597151,118.93,118.98
BAC,2019-05-01 09:31:17.121745,30.3606,30.38
AAPL,2019-05-01 09:31:17.216913,214.378,214.47
BAC,2019-05-01 09:31:17.414158,30.36,30.38
CVX,2019-05-01 09:31:17.523557,118.9627,119.03
CVX,2019-05-01 09:31:17.573399,119.02,119.04
AAPL,2019-05-01 09:31:17.849258,214.26,214.51
BAC,2019-05-01 09:31:17.964439,30.3709,30.3901
BAC,2019-05-01 09:31:18.001693,30.365,30.3977
CVX,2019-05-01 09:31:18.238664,118.9742,119.04
AAPL,2019-05-01 09:31:18.567630,214.19,214.285
AAPL,2019-05-01 09:31:18.634162,214.18,214.29
AAPL,2019-05-01 09:31:18.785240,214.17,214.282
BAC,2019-05-01 09:31:18.945862,30.34,30.37
CVX,2019-05-01 09:31:19.008215,118.92,118.98
CVX,2019-05-01 09:31:19.112660,118.93,119.0006
BAC,2019-05-01 09:31:19.127581,30.34,30.36
CVX,2019-05-01 09:31:19.339910,118.99,119.055
AAPL,2019-05-01 09:31:19.445356,214.19,214.33
AAPL,2019-05-01 09:31:19.614867,214.08,214.3
AAPL,2019-05-01 09:31:19.750056,213.97,214.09
BAC,2019-05-01 09:31:19.915926,30.34,30.355
AAPL,2019-05-01 09:31:20.100671,213.96,214.1
AAPL,2019-05-01 09:31:20.137870,213.9,214.01
CVX,2019-05-01 09:31:20.196798,119.0186,119.06
BAC,2019-05-01 09:31:20.590873,30.34,30.35
BAC,2019-05-01 09:31:20.765780,30.34,30.35
AAPL,2019-05-01 09:31:20.958881,213.94,214.13
CVX,2019-05-01 09:31:21.100829,118.98,119.03
CVX,2019-05-01 09:31:21.154090,118.99,119.01
BAC,2019-05-01 09:31:21.188619,30.34,30.355
CVX,2019-05-01 09:31:21.454710,118.96,119.01
BAC,2019-05-01 09:31:21.483391,30.35,30.37
BAC,2019-05-01 09:31:21.641660,30.33,30.355
AAPL,2019-05-01 09:31:21.698738,214.06,214.19
CVX,2019-05-01 09:31:21.796581,118.94,118.97
CVX,2019-05-01 09:31:22.437585,118.92,118.98
BAC,2019-05-01 09:31:22.554412,30.31,30.3377
BAC,2019-05-01 09:31:22.583323,30.31,30.3251
CVX,2019-05-01 09:31:22.590871,118.9,118.97
AAPL,2019-05-01 09:31:22.640822,213.8,214.11
CVX,2019-05-01 09:31:22.909166,118.9,118.9123
BAC,2019-05-01 09:31:22.960544,30.32,30.34
CVX,2019-05-01 09:31:23.025979,118.88,118.93
AAPL,2019-05-01 09:31:23.043973,213.8,214.0
AAPL,2019-05-01 09:31:23.189090,213.97,214.15
CVX,2019-05-01 09:31:23.515623,118.89,118.9325
BAC,2019-05-01 09:31:23.521076,30.32,30.34
AAPL,2019-05-01 09:31:23.761648,214.04,214.19
BAC,2019-05-01 09:31:24.100474,30.33,30.365
AAPL,2019-05-01 09:31:24.296625,213.9421,214.1208
CVX,2019-05-01 09:31:24.382822,118.88,118.96
BAC,2019-05-01 09:31:24.636691,30.31,30.365
CVX,2019-05-01 09:31:24.929703,118.8685,118.89
AAPL,2019-05-01 09:31:25.091349,214.03,214.1479
CVX,2019-05-01 09:31:25.127016,118.89,118.94
BAC,2019-05-01 09:31:25.394927,30.29,30.32
CVX,2019-05-01 09:31:25.395185,118.95,118.98
AAPL,2019-05-01 09:31:25.699303,214.09,214.2
BAC,2019-05-01 09:31:25.734935,30.29,30.305
AAPL,2019-05-01 09:31:26.257733,214.09,214.29
CVX,2019-05-01 09:31:26.264756,118.9398,118.99
CVX,2019-05-01 09:31:26.560467,118.94,118.97
BAC,2019-05-01 09:31:26.683677,30.285,30.31
CVX,2019-05-01 09:31:26.806364,118.91,118.955
AAPL,2019-05-01 09:31:26.941322,213.95,214.28
AAPL,2019-05-01 09:31:27.017475,213.8901,214.02
BAC,2019-05-01 09:31:27.198546,30.285,30.3057
AAPL,2019-05-01 09:31:27.526765,213.88,214.19
CVX,2019-05-01 09:31:27.536225,118.9435,118.99
BAC,2019-05-01 09:31:27.619844,30.3,30.31
BAC,2019-05-01 09:31:27.727510,30.29,30.31
CVX,2019-05-01 09:31:27.811736,118.96,119.06
CVX,2019-05-01 09:31:28.127732,119.055,119.11
AAPL,2019-05-01 09:31:28.204356,214.15,214.36
CVX,2019-05-01 09:31:28.247437,119.08,119.14
BAC,2019-05-01 09:31:28.726215,30.28,30.295
CVX,2019-05-01 09:31:28.856713,119.086,119.11
AAPL,2019-05-01 09:31:29.068006,214.04,214.32
CVX,2019-05-01 09:31:29.139430,119.04,119.11
BAC,2019-05-01 09:31:29.366979,30.28,30.31
CVX,2019-05-01 09:31:29.390558,119.04,119.07
AAPL,2019-05-01 09:31:29.528950,213.94,214.1914
BAC,2019-05-01 09:31:29.803892,30.29,30.31
CVX,2019-05-01 09:31:30.164681,118.9735,119.05
AAPL,2019-05-01 09:31:30.239058,213.82,213.97
CVX,2019-05-01 09:31:30.265654,118.94,118.99
BAC,2019-05-01 09:31:30.584111,30.29,30.32
CVX,2019-05-01 09:31:30.674546,118.94,119.16
AAPL,2019-05-01 09:31:31.128862,213.61,213.84
CVX,2019-05-01 09:31:31.181396,119.11,119.17
BAC,2019-05-01 09:31:31.394513,30.295,30.3263
BAC,2019-05-01 09:31:31.547041,30.295,30.325
BAC,2019-05-01 09:31:31.634754,30.3001,30.33
CVX,2019-05-01 09:31:31.963582,119.11,119.1857
AAPL,2019-05-01 09:31:31.997409,213.61,213.79
BAC,2019-05-01 09:31:32.382371,30.285,30.35
BAC,2019-05-01 09:31:32.698835,30.275,30.295
CVX,2019-05-01 09:31:32.867493,119.03,119.2
AAPL,2019-05-01 09:31:32.979323,213.57,213.74
AAPL,2019-05-01 09:31:33.324978,213.45,213.67
BAC,2019-05-01 09:31:33.429281,30.275,30.3
CVX,2019-05-01 09:31:33.620982,119.04,119.085
BAC,2019-05-01 09:31:33.683683,30.27,30.28
AAPL,2019-05-01 09:31:33.795042,213.4,213.6947
AAPL,2019-05-01 09:31:34.021621,213.46,213.71
CVX,2019-05-01 09:31:34.322312,119.04,119.07
BAC,2019-05-01 09:31:34.574218,30.25,30.2771
AAPL,2019-05-01 09:31:34.845344,213.5101,213.74
CVX,2019-05-01 09:31:34.908271,119.0399,119.07
AAPL,2019-05-01 09:31:35.171152,213.51,213.6781
BAC,2019-05-01 09:31:35.420229,30.235,30.26
CVX,2019-05-01 09:31:35.445044,119.06,119.08
CVX,2019-05-01 09:31:35.449025,119.03,119.085
AAPL,2019-05-01 09:31:35.691588,213.47,213.65
BAC,2019-05-01 09:31:35.784649,30.225,30.26
CVX,2019-05-01 09:31:36.130636,119.04,119.06
AAPL,2019-05-01 09:31:36.299641,213.47,213.6327
BAC,2019-05-01 09:31:36.761404,30.2,30.23
CVX,2019-05-01 09:31:36.822321,119.03,119.07
AAPL,2019-05-01 09:31:37.250532,213.26,213.6311
CVX,2019-05-01 09:31:37.360983,119.03200000000001,119.08
BAC,2019-05-01 09:31:37.485248,30.2,30.23
BAC,2019-05-01 09:31:37.653776,30.205,30.23
CVX,2019-05-01 09:31:38.133297,119.02,119.175
AAPL,2019-05-01 09:31:38.240903,213.3,213.55
CVX,2019-05-01 09:31:38.405771,119.0,119.02
BAC,2019-05-01 09:31:38.491264,30.2,30.22
BAC,2019-05-01 09:31:38.685575,30.2,30.22
AAPL,2019-05-01 09:31:39.149318,213.44,213.885
CVX,2019-05-01 09:31:39.165258,118.99,119.02
AAPL,2019-05-01 09:31:39.295655,213.84,214.0984
CVX,2019-05-01 09:31:39.305128,118.99,119.045
BAC,2019-05-01 09:31:39.362805,30.21,30.23
CVX,2019-05-01 09:31:39.484124,118.98,119.03
CVX,2019-05-01 09:31:39.497635,118.96,119.02
AAPL,2019-05-01 09:31:39.783160,214.01,214.148
AAPL,2019-05-01 09:31:39.870804,214.02,214.14
BAC,2019-05-01 09:31:40.007841,30.2,30.21
AAPL,2019-05-01 09:31:40.139090,213.94,214.15
BAC,2019-05-01 09:31:40.206336,30.21,30.25
CVX,2019-05-01 09:31:40.432443,118.8997,118.98
AAPL,2019-05-01 09:31:40.890973,214.0,214.11
CVX,2019-05-01 09:31:41.083104,118.9,118.945
BAC,2019-05-01 09:31:41.195751,30.2334,30.26
AAPL,2019-05-01 09:31:41.372217,214.015,214.13
BAC,2019-05-01 09:31:41.460380,30.215,30.24
CVX,2019-05-01 09:31:41.543079,118.91,118.945
AAPL,2019-05-01 09:31:41.753447,213.91,214.1
AAPL,2019-05-01 09:31:41.822876,214.05,214.13
AAPL,2019-05-01 09:31:41.947647,214.06,214.19
AAPL,2019-05-01 09:31:41.965460,214.0031,214.12
CVX,2019-05-01 09:31:42.026636,118.86,118.94
BAC,2019-05-01 09:31:42.051146,30.2,30.23
CVX,2019-05-01 09:31:42.246327,118.83,118.9
AAPL,2019-05-01 09:31:42.356230,213.9787,214.11900000000003
BAC,2019-05-01 09:31:42.658480,30.21,30.23
BAC,2019-05-01 09:31:43.071100,30.21,30.2499
AAPL,2019-05-01 09:31:43.190991,214.0,214.17
CVX,2019-05-01 09:31:43.232053,118.83,118.86
BAC,2019-05-01 09:31:43.354338,30.24,30.28
CVX,2019-05-01 09:31:43.370229,118.84,118.87
AAPL,2019-05-01 09:31:43.947257,214.06,214.13
CVX,2019-05-01 09:31:43.977998,118.835,118.87
BAC,2019-05-01 09:31:44.044761,30.25,30.27
CVX,2019-05-01 09:31:44.185646,118.84,118.88
BAC,2019-05-01 09:31:44.681705,30.24,30.26
AAPL,2019-05-01 09:31:44.711540,213.96,214.1
AAPL,2019-05-01 09:31:44.743870,213.84,214.05
BAC,2019-05-01 09:31:44.885625,30.24,30.265
CVX,2019-05-01 09:31:44.921079,118.85,118.88
BAC,2019-05-01 09:31:44.947112,30.25,30.28
BAC,2019-05-01 09:31:45.100374,30.2515,30.28
AAPL,2019-05-01 09:31:45.334069,213.81,214.0
AAPL,2019-05-01 09:31:45.342627,213.85,213.97
AAPL,2019-05-01 09:31:45.358994,213.81,213.94
CVX,2019-05-01 09:31:45.494333,118.8214,118.8898
CVX,2019-05-01 09:31:45.743345,118.7501,118.84
AAPL,2019-05-01 09:31:46.031039,213.68,213.88
BAC,2019-05-01 09:31:46.085052,30.21,30.25
AAPL,2019-05-01 09:31:46.104978,213.81,213.95
BAC,2019-05-01 09:31:46.199255,30.2101,30.23
CVX,2019-05-01 09:31:46.220415,118.77,118.82
AAPL,2019-05-01 09:31:46.491782,213.85,214.1
BAC,2019-05-01 09:31:46.605025,30.2157,30.2352
CVX,2019-05-01 09:31:46.891298,118.74,118.81
AAPL,2019-05-01 09:31:46.987430,213.92,214.1
CVX,2019-05-01 09:31:47.059768,118.75,118.82
BAC,2019-05-01 09:31:47.472352,30.21,30.23
BAC,2019-05-01 09:31:47.625777,30.205,30.23
AAPL,2019-05-01 09:31:47.807166,214.02,214.11
CVX,2019-05-01 09:31:47.850553,118.74,118.81
CVX,2019-05-01 09:31:47.970133,118.73,118.8
BAC,2019-05-01 09:31:48.163939,30.22,30.23
BAC,2019-05-01 09:31:48.227639,30.2,30.23
AAPL,2019-05-01 09:31:48.264585,214.04,214.14
CVX,2019-05-01 09:31:48.272076,118.74700000000001,118.82
BAC,2019-05-01 09:31:48.302661,30.2,30.23
BAC,2019-05-01 09:31:48.419708,30.205,30.23
AAPL,2019-05-01 09:31:48.721001,213.98,214.144
CVX,2019-05-01 09:31:48.974554,118.7652,118.84
BAC,2019-05-01 09:31:49.075094,30.2,30.245
AAPL,2019-05-01 09:31:49.083203,214.0,214.24
CVX,2019-05-01 09:31:49.818258,118.72,118.835
AAPL,2019-05-01 09:31:49.845895,213.8654,214.09
BAC,2019-05-01 09:31:49.888726,30.23,30.25
CVX,2019-05-01 09:31:50.205568,118.615,118.74
AAPL,2019-05-01 09:31:50.319018,213.81,213.96
CVX,2019-05-01 09:31:50.688628,118.65,118.7
BAC,2019-05-01 09:31:50.711752,30.23,30.2474
BAC,2019-05-01 09:31:50.928649,30.23,30.2699
AAPL,2019-05-01 09:31:51.302456,213.93,214.12
CVX,2019-05-01 09:31:51.515921,118.69,118.77
BAC,2019-05-01 09:31:51.536582,30.2501,30.27
AAPL,2019-05-01 09:31:51.539132,213.92,214.1
BAC,2019-05-01 09:31:51.864486,30.26,30.295
AAPL,2019-05-01 09:31:52.241969,214.08,214.1
CVX,2019-05-01 09:31:52.328659,118.75,118.77
CVX,2019-05-01 09:31:52.381190,118.76,118.8
BAC,2019-05-01 09:31:52.744354,30.28,30.3
AAPL,2019-05-01 09:31:52.974085,214.09,214.2575
BAC,2019-05-01 09:31:53.168205,30.285,30.31
CVX,2019-05-01 09:31:53.210250,118.78,118.81
CVX,2019-05-01 09:31:53.553934,118.73,118.81
CVX,2019-05-01 09:31:53.686055,118.72,118.79
AAPL,2019-05-01 09:31:53.768437,214.12,214.3005
CVX,2019-05-01 09:31:54.044707,118.755,118.79
BAC,2019-05-01 09:31:54.144886,30.295,30.32
BAC,2019-05-01 09:31:54.330855,30.29,30.31
AAPL,2019-05-01 09:31:54.435455,214.2,214.38
BAC,2019-05-01 09:31:54.436686,30.295,30.3044
CVX,2019-05-01 09:31:54.502256,118.76,118.795
CVX,2019-05-01 09:31:54.544181,118.73,118.79
CVX,2019-05-01 09:31:55.054295,118.755,118.79
CVX,2019-05-01 09:31:55.072543,118.77,118.8168
BAC,2019-05-01 09:31:55.274849,30.29,30.305
BAC,2019-05-01 09:31:55.319595,30.29,30.3099
AAPL,2019-05-01 09:31:55.335165,214.22,214.6
BAC,2019-05-01 09:31:55.371719,30.28,30.315
BAC,2019-05-01 09:31:55.698857,30.2731,30.295
BAC,2019-05-01 09:31:55.748934,30.27,30.29
BAC,2019-05-01 09:31:55.834035,30.28,30.31
CVX,2019-05-01 09:31:56.028029,118.8,118.83
CVX,2019-05-01 09:31:56.255177,118.795,118.83
BAC,2019-05-01 09:31:56.271358,30.285,30.3133
AAPL,2019-05-01 09:31:56.322850,214.41,214.745
AAPL,2019-05-01 09:31:56.481319,214.65,214.82
CVX,2019-05-01 09:31:56.742670,118.81,118.846
BAC,2019-05-01 09:31:56.804994,30.31,30.33
AAPL,2019-05-01 09:31:57.037623,214.69,215.07
CVX,2019-05-01 09:31:57.175555,118.81,118.824
AAPL,2019-05-01 09:31:57.365006,214.87,215.0
BAC,2019-05-01 09:31:57.709550,30.31,30.325
CVX,2019-05-01 09:31:57.916287,118.81,118.84
CVX,2019-05-01 09:31:58.054124,118.815,118.875
AAPL,2019-05-01 09:31:58.210302,214.8559,214.99
BAC,2019-05-01 09:31:58.243190,30.32,30.35
BAC,2019-05-01 09:31:58.777948,30.34,30.355
CVX,2019-05-01 09:31:58.820088,118.865,118.89
CVX,2019-05-01 09:31:59.139934,118.81,118.91
AAPL,2019-05-01 09:31:59.149942,214.77,214.9188
BAC,2019-05-01 09:31:59.419512,30.34,30.366999999999997
AAPL,2019-05-01 09:31:59.764211,214.79,215.12
CVX,2019-05-01 09:32:00.022941,118.83,118.94
BAC,2019-05-01 09:32:00.034833,30.33,30.3593
CVX,2019-05-01 09:32:00.645536,118.92,119.01
AAPL,2019-05-01 09:32:00.669561,214.8901,215.05
BAC,2019-05-01 09:32:00.900161,30.35,30.3673
AAPL,2019-05-01 09:32:01.153103,214.87,215.09
CVX,2019-05-01 09:32:01.312549,118.91,118.975
BAC,2019-05-01 09:32:01.723109,30.35,30.37
BAC,2019-05-01 09:32:01.901564,30.37,30.3985
AAPL,2019-05-01 09:32:02.065107,215.04,215.31
CVX,2019-05-01 09:32:02.169360,118.91,118.96
BAC,2019-05-01 09:32:02.419987,30.39,30.4
BAC,2019-05-01 09:32:02.686906,30.39,30.404
CVX,2019-05-01 09:32:02.723814,118.955,118.99
AAPL,2019-05-01 09:32:02.770059,214.97,215.3
BAC,2019-05-01 09:32:03.344876,30.4,30.421
AAPL,2019-05-01 09:32:03.445938,214.86,215.05
AAPL,2019-05-01 09:32:03.480194,214.81,214.9299
CVX,2019-05-01 09:32:03.523118,118.98,119.035
AAPL,2019-05-01 09:32:03.841887,214.57,214.85
BAC,2019-05-01 09:32:03.956062,30.41,30.42
AAPL,2019-05-01 09:32:03.979873,214.66,214.75
AAPL,2019-05-01 09:32:04.027305,214.58,214.73
CVX,2019-05-01 09:32:04.075990,118.99,119.05
AAPL,2019-05-01 09:32:04.167727,214.43,214.74
BAC,2019-05-01 09:32:04.851095,30.405,30.42
CVX,2019-05-01 09:32:05.025922,119.02,119.08
AAPL,2019-05-01 09:32:05.061317,214.6,214.799
CVX,2019-05-01 09:32:05.207794,119.05,119.1007
BAC,2019-05-01 09:32:05.465187,30.4,30.419
AAPL,2019-05-01 09:32:05.506696,214.69,215.0
BAC,2019-05-01 09:32:05.509476,30.395,30.416
BAC,2019-05-01 09:32:05.531072,30.41,30.425
CVX,2019-05-01 09:32:05.711066,119.07,119.13
CVX,2019-05-01 09:32:05.823590,119.08,119.15
AAPL,2019-05-01 09:32:06.109049,214.8243,215.0
AAPL,2019-05-01 09:32:06.322773,214.9201,215.28
BAC,2019-05-01 09:32:06.395808,30.41,30.4257
CVX,2019-05-01 09:32:06.413600,119.135,119.26
CVX,2019-05-01 09:32:06.442303,119.25,119.29
CVX,2019-05-01 09:32:06.703435,119.27,119.35
CVX,2019-05-01 09:32:06.803638,119.28,119.3799
BAC,2019-05-01 09:32:06.913869,30.4111,30.44
AAPL,2019-05-01 09:32:07.045438,214.8677,215.13
CVX,2019-05-01 09:32:07.108719,119.28,119.31
AAPL,2019-05-01 09:32:07.128236,214.73,215.14
BAC,2019-05-01 09:32:07.258222,30.395,30.41
BAC,2019-05-01 09:32:07.277560,30.4,30.43
CVX,2019-05-01 09:32:07.294135,119.2895,119.39
BAC,2019-05-01 09:32:07.478298,30.41,30.42
AAPL,2019-05-01 09:32:07.495043,214.82,214.9502
AAPL,2019-05-01 09:32:07.702954,214.87,215.0
BAC,2019-05-01 09:32:07.867445,30.4129,30.43
BAC,2019-05-01 09:32:08.062571,30.41,30.44
CVX,2019-05-01 09:32:08.118914,119.33,119.46
AAPL,2019-05-01 09:32:08.201229,214.69,214.97
BAC,2019-05-01 09:32:08.362145,30.43,30.4479
CVX,2019-05-01 09:32:08.504106,119.3398,119.355
BAC,2019-05-01 09:32:08.713068,30.425,30.45
AAPL,2019-05-01 09:32:08.932534,214.63,214.79
BAC,2019-05-01 09:32:09.193208,30.4331,30.45
AAPL,2019-05-01 09:32:09.201059,214.75099999999998,214.9
CVX,2019-05-01 09:32:09.205090,119.35,119.375
AAPL,2019-05-01 09:32:09.213357,214.74,214.84
BAC,2019-05-01 09:32:09.628006,30.43,30.45
CVX,2019-05-01 09:32:09.997567,119.32,119.37
AAPL,2019-05-01 09:32:10.011102,214.58,214.7422
BAC,2019-05-01 09:32:10.067935,30.42,30.45
BAC,2019-05-01 09:32:10.236554,30.43,30.45
BAC,2019-05-01 09:32:10.260075,30.425,30.44
AAPL,2019-05-01 09:32:10.387512,214.6,214.75
CVX,2019-05-01 09:32:10.526497,119.305,119.345
BAC,2019-05-01 09:32:10.687036,30.44,30.47
CVX,2019-05-01 09:32:10.760181,119.28,119.31
AAPL,2019-05-01 09:32:10.988793,214.5,214.67
CVX,2019-05-01 09:32:11.016747,119.255,119.32
CVX,2019-05-01 09:32:11.434604,119.31,119.36
BAC,2019-05-01 09:32:11.596384,30.445,30.48
AAPL,2019-05-01 09:32:11.877896,214.52,214.66
BAC,2019-05-01 09:32:11.951502,30.42,30.45
AAPL,2019-05-01 09:32:12.136417,214.255,214.59
AAPL,2019-05-01 09:32:12.181144,214.23,214.39
CVX,2019-05-01 09:32:12.264079,119.26,119.31
BAC,2019-05-01 09:32:12.416806,30.44,30.45
BAC,2019-05-01 09:32:12.513515,30.435,30.45
CVX,2019-05-01 09:32:12.785575,119.275,119.32
AAPL,2019-05-01 09:32:13.166491,214.22,214.446
CVX,2019-05-01 09:32:13.276658,119.27,119.34
BAC,2019-05-01 09:32:13.354808,30.4,30.445
CVX,2019-05-01 09:32:13.404779,119.2594,119.335
BAC,2019-05-01 09:32:13.857212,30.375,30.41
CVX,2019-05-01 09:32:13.992928,119.25,119.32
CVX,2019-05-01 09:32:13.999781,119.25,119.31
AAPL,2019-05-01 09:32:14.144786,214.38,214.62
CVX,2019-05-01 09:32:14.186335,119.25,119.32
AAPL,2019-05-01 09:32:14.283620,214.4452,214.66
BAC,2019-05-01 09:32:14.398844,30.37,30.39
AAPL,2019-05-01 09:32:14.743899,214.46,214.68
AAPL,2019-05-01 09:32:14.918975,214.57,214.89
CVX,2019-05-01 09:32:15.080210,119.19,119.3
BAC,2019-05-01 09:32:15.159670,30.365,30.385
CVX,2019-05-01 09:32:15.205193,119.18,119.29
AAPL,2019-05-01 09:32:15.317255,214.6301,214.88
AAPL,2019-05-01 09:32:15.524977,214.7,214.92
CVX,2019-05-01 09:32:15.671467,119.27,119.41
AAPL,2019-05-01 09:32:15.679537,214.62,214.84
AAPL,2019-05-01 09:32:15.821531,214.6,214.84
BAC,2019-05-01 09:32:15.976236,30.355,30.381
CVX,2019-05-01 09:32:15.976240,119.3,119.43
BAC,2019-05-01 09:32:16.104262,30.355,30.38
AAPL,2019-05-01 09:32:16.308361,214.38,214.66
CVX,2019-05-01 09:32:16.310747,119.25,119.3
BAC,2019-05-01 09:32:16.446087,30.37,30.385
BAC,2019-05-01 09:32:16.583345,30.345,30.385
BAC,2019-05-01 09:32:16.600977,30.35,30.37
AAPL,2019-05-01 09:32:16.840856,214.34,214.51
CVX,2019-05-01 09:32:17.150433,119.17,119.2832
BAC,2019-05-01 09:32:17.215289,30.3334,30.36
BAC,2019-05-01 09:32:17.530650,30.35,30.3691
AAPL,2019-05-01 09:32:17.602025,214.33,214.55
AAPL,2019-05-01 09:32:17.642362,214.2363,214.6
CVX,2019-05-01 09:32:17.890905,119.15,119.2
AAPL,2019-05-01 09:32:18.220593,214.09,214.255
BAC,2019-05-01 09:32:18.230833,30.35,30.375
CVX,2019-05-01 09:32:18.568046,119.12,119.19
BAC,2019-05-01 09:32:18.842591,30.34,30.37
CVX,2019-05-01 09:32:18.969867,119.14,119.2
AAPL,2019-05-01 09:32:18.992205,213.93,214.16
AAPL,2019-05-01 09:32:19.058555,213.89,213.95
CVX,2019-05-01 09:32:19.254460,119.09,119.19
BAC,2019-05-01 09:32:19.559394,30.36,30.4
AAPL,2019-05-01 09:32:19.680366,213.82,213.95
CVX,2019-05-01 09:32:19.937407,119.08,119.1499
AAPL,2019-05-01 09:32:20.089036,213.77,213.94
BAC,2019-05-01 09:32:20.192880,30.38,30.41
CVX,2019-05-01 09:32:20.738532,119.03,119.11
AAPL,2019-05-01 09:32:20.826930,213.68,213.94
AAPL,2019-05-01 09:32:20.841609,213.76,213.97
BAC,2019-05-01 09:32:20.969941,30.4,30.43
AAPL,2019-05-01 09:32:21.448393,213.7651,213.9
CVX,2019-05-01 09:32:21.548691,118.9801,119.09
BAC,2019-05-01 09:32:21.686636,30.42,30.4398
AAPL,2019-05-01 09:32:21.687947,213.6051,213.78
AAPL,2019-05-01 09:32:21.896683,213.5,213.688
AAPL,2019-05-01 09:32:21.980948,213.55,213.71
BAC,2019-05-01 09:32:22.340998,30.41,30.43
CVX,2019-05-01 09:32:22.388002,118.9,119.02
BAC,2019-05-01 09:32:22.404883,30.42,30.44
AAPL,2019-05-01 09:32:22.409452,213.3607,213.66
AAPL,2019-05-01 09:32:22.482038,213.33,213.49
CVX,2019-05-01 09:32:22.546093,118.87,118.95
CVX,2019-05-01 09:32:22.875089,118.9375,119.0
BAC,2019-05-01 09:32:23.276601,30.43,30.45
AAPL,2019-05-01 09:32:23.335897,213.3,213.47
CVX,2019-05-01 09:32:23.735275,118.81,118.97
BAC,2019-05-01 09:32:23.746036,30.43,30.44
CVX,2019-05-01 09:32:24.257008,118.79,118.815
AAPL,2019-05-01 09:32:24.278334,213.14,213.4
BAC,2019-05-01 09:32:24.404003,30.42,30.44
BAC,2019-05-01 09:32:24.449108,30.425,30.4358
BAC,2019-05-01 09:32:24.492313,30.425,30.46
CVX,2019-05-01 09:32:24.942964,118.78,118.8
BAC,2019-05-01 09:32:24.947629,30.4219,30.46
BAC,2019-05-01 09:32:25.057847,30.42,30.435
AAPL,2019-05-01 09:32:25.269647,213.04,213.16
BAC,2019-05-01 09:32:25.432412,30.43,30.45
CVX,2019-05-01 09:32:25.604621,118.7465,118.805
CVX,2019-05-01 09:32:25.640617,118.76,118.83
CVX,2019-05-01 09:32:25.897840,118.82,118.86
BAC,2019-05-01 09:32:25.907618,30.42,30.45
AAPL,2019-05-01 09:32:26.193714,213.01,213.18
CVX,2019-05-01 09:32:26.271083,118.7854,118.84
BAC,2019-05-01 09:32:26.833258,30.41,30.43
AAPL,2019-05-01 09:32:26.859695,213.0,213.19
BAC,2019-05-01 09:32:26.928336,30.41,30.42
CVX,2019-05-01 09:32:27.083360,118.71,118.77
AAPL,2019-05-01 09:32:27.196467,213.02,213.24
AAPL,2019-05-01 09:32:27.421018,213.2,213.38
AAPL,2019-05-01 09:32:27.466511,213.16,213.35
BAC,2019-05-01 09:32:27.540647,30.41,30.43
BAC,2019-05-01 09:32:27.640622,30.41,30.42
CVX,2019-05-01 09:32:27.837007,118.72,118.77
CVX,2019-05-01 09:32:27.875637,118.75,118.87
BAC,2019-05-01 09:32:27.948286,30.41,30.43
BAC,2019-05-01 09:32:28.095483,30.415,30.426
AAPL,2019-05-01 09:32:28.322941,213.17,213.33
BAC,2019-05-01 09:32:28.476158,30.41,30.4284
AAPL,2019-05-01 09:32:28.531908,213.2,213.34
CVX,2019-05-01 09:32:28.544474,118.7754,118.87
CVX,2019-05-01 09:32:28.805310,118.74,118.88
AAPL,2019-05-01 09:32:29.197471,213.14,213.35
AAPL,2019-05-01 09:32:29.352375,213.03,213.23
BAC,2019-05-01 09:32:29.408599,30.4,30.43
CVX,2019-05-01 09:32:29.432802,118.7,118.83
AAPL,2019-05-01 09:32:29.766059,212.95,213.18
BAC,2019-05-01 09:32:29.864746,30.42,30.435
CVX,2019-05-01 09:32:29.979956,118.82,118.835
BAC,2019-05-01 09:32:30.158707,30.43,30.44
AAPL,2019-05-01 09:32:30.354107,212.87,212.98
AAPL,2019-05-01 09:32:30.615459,212.87,213.0
BAC,2019-05-01 09:32:30.746745,30.44,30.46
CVX,2019-05-01 09:32:30.958994,118.82,118.94
BAC,2019-05-01 09:32:31.558643,30.43,30.45
AAPL,2019-05-01 09:32:31.592138,212.85,212.97
CVX,2019-05-01 09:32:31.852502,118.86,118.94
BAC,2019-05-01 09:32:32.210919,30.43,30.47
CVX,2019-05-01 09:32:32.240972,118.83,118.93
AAPL,2019-05-01 09:32:32.439203,212.75,212.99
CVX,2019-05-01 09:32:32.476558,118.84,118.895
BAC,2019-05-01 09:32:32.879705,30.451,30.475
AAPL,2019-05-01 09:32:33.043826,212.7,212.9
CVX,2019-05-01 09:32:33.046600,118.84,118.92
CVX,2019-05-01 09:32:33.059167,118.89,118.965
AAPL,2019-05-01 09:32:33.092655,212.74,212.82
CVX,2019-05-01 09:32:33.124035,118.95,119.05
AAPL,2019-05-01 09:32:33.219431,212.61,212.79
BAC,2019-05-01 09:32:33.356783,30.46,30.475
CVX,2019-05-01 09:32:33.587386,118.92,119.01
AAPL,2019-05-01 09:32:33.693642,212.41,212.71
CVX,2019-05-01 09:32:33.707463,118.84,118.97
BAC,2019-05-01 09:32:33.990439,30.47,30.49
AAPL,2019-05-01 09:32:34.231146,212.4,212.58
BAC,2019-05-01 09:32:34.263635,30.45,30.48
AAPL,2019-05-01 09:32:34.499316,212.48,212.76
CVX,2019-05-01 09:32:34.550066,118.81,118.9403
BAC,2019-05-01 09:32:34.850874,30.48,30.49
CVX,2019-05-01 09:32:35.099184,118.83,118.91
AAPL,2019-05-01 09:32:35.394160,212.67,212.93
BAC,2019-05-01 09:32:35.496265,30.47,30.49
CVX,2019-05-01 09:32:35.544371,118.83,118.89
AAPL,2019-05-01 09:32:35.711982,212.79,212.928
AAPL,2019-05-01 09:32:35.820068,212.76,212.95
CVX,2019-05-01 09:32:36.068831,118.8635,118.95
BAC,2019-05-01 09:32:36.186557,30.47,30.49
CVX,2019-05-01 09:32:36.243785,118.9228,118.94
AAPL,2019-05-01 09:32:36.681993,212.82,212.94
CVX,2019-05-01 09:32:36.969209,118.88,118.99
BAC,2019-05-01 09:32:37.096266,30.47,30.49
CVX,2019-05-01 09:32:37.443670,118.91,118.99
BAC,2019-05-01 09:32:37.583457,30.475,30.5
AAPL,2019-05-01 09:32:37.658135,212.87,213.0
BAC,2019-05-01 09:32:38.231855,30.47,30.49
CVX,2019-05-01 09:32:38.271037,118.92,119.02
AAPL,2019-05-01 09:32:38.454358,212.87,212.99
CVX,2019-05-01 09:32:38.541380,118.93,119.055
CVX,2019-05-01 09:32:38.983798,119.04,119.13
BAC,2019-05-01 09:32:39.131538,30.46,30.49
AAPL,2019-05-01 09:32:39.337172,212.74,212.94
CVX,2019-05-01 09:32:39.450856,119.13,119.185
CVX,2019-05-01 09:32:39.689621,119.13,119.17
AAPL,2019-05-01 09:32:39.797018,212.6,212.8
BAC,2019-05-01 09:32:39.864665,30.45,30.48
CVX,2019-05-01 09:32:40.071729,119.1356,119.28
AAPL,2019-05-01 09:32:40.446756,212.69,212.8
CVX,2019-05-01 09:32:40.603288,119.26,119.33
BAC,2019-05-01 09:32:40.613683,30.45,30.49
BAC,2019-05-01 09:32:40.847667,30.4615,30.48
AAPL,2019-05-01 09:32:40.850223,212.58,212.75
AAPL,2019-05-01 09:32:40.909757,212.51,212.6727
CVX,2019-05-01 09:32:41.421318,119.32,119.38
CVX,2019-05-01 09:32:41.454208,119.36,119.41799999999999
AAPL,2019-05-01 09:32:41.482057,212.51,212.7
BAC,2019-05-01 09:32:41.514211,30.47,30.5
CVX,2019-05-01 09:32:42.027214,119.37,119.43
BAC,2019-05-01 09:32:42.261161,30.46,30.49
AAPL,2019-05-01 09:32:42.406685,212.61,212.71
CVX,2019-05-01 09:32:42.418658,119.415,119.45
BAC,2019-05-01 09:32:42.422059,30.45,30.47
BAC,2019-05-01 09:32:42.518169,30.43,30.46
BAC,2019-05-01 09:32:42.651987,30.45,30.47
AAPL,2019-05-01 09:32:43.078454,212.54,212.68
CVX,2019-05-01 09:32:43.185018,119.38,119.45
BAC,2019-05-01 09:32:43.287961,30.42,30.48
CVX,2019-05-01 09:32:43.385877,119.41,119.52
CVX,2019-05-01 09:32:43.388128,119.51,119.55
CVX,2019-05-01 09:32:43.675283,119.54,119.61
BAC,2019-05-01 09:32:44.011966,30.4242,30.46
AAPL,2019-05-01 09:32:44.075026,212.54,212.8
BAC,2019-05-01 09:32:44.098388,30.45,30.5052
CVX,2019-05-01 09:32:44.100207,119.59,119.66
CVX,2019-05-01 09:32:44.483235,119.6,119.665
AAPL,2019-05-01 09:32:44.984390,212.7,212.85
BAC,2019-05-01 09:32:45.018646,30.5,30.5199
CVX,2019-05-01 09:32:45.150215,119.6,119.64
BAC,2019-05-01 09:32:45.190817,30.51,30.53
BAC,2019-05-01 09:32:45.281118,30.52,30.546999999999997
BAC,2019-05-01 09:32:45.464530,30.54,30.56
AAPL,2019-05-01 09:32:45.639051,212.67,212.85
CVX,2019-05-01 09:32:45.911125,119.58,119.75
CVX,2019-05-01 09:32:45.985530,119.68,119.75
CVX,2019-05-01 09:32:46.233054,119.58,119.69
BAC,2019-05-01 09:32:46.313487,30.565,30.565
AAPL,2019-05-01 09:32:46.453973,212.63,212.89
CVX,2019-05-01 09:32:46.763472,119.53,119.58
BAC,2019-05-01 09:32:46.766881,30.58,30.5966
AAPL,2019-05-01 09:32:47.294005,212.51,212.7948
CVX,2019-05-01 09:32:47.387275,119.5405,119.62
BAC,2019-05-01 09:32:47.647576,30.57,30.61
AAPL,2019-05-01 09:32:48.259193,212.59,212.87
CVX,2019-05-01 09:32:48.365145,119.62,119.71
BAC,2019-05-01 09:32:48.526420,30.6,30.63
CVX,2019-05-01 09:32:48.656670,119.5,119.68
AAPL,2019-05-01 09:32:49.033712,212.57,212.75
CVX,2019-05-01 09:32:49.157602,119.51,119.63
AAPL,2019-05-01 09:32:49.161239,212.56,212.78
BAC,2019-05-01 09:32:49.246447,30.6001,30.615
BAC,2019-05-01 09:32:49.569555,30.605,30.63
CVX,2019-05-01 09:32:49.632486,119.62,119.71
AAPL,2019-05-01 09:32:49.932154,212.32,212.78
AAPL,2019-05-01 09:32:50.177056,212.26,212.43
AAPL,2019-05-01 09:32:50.269578,212.1,212.45
CVX,2019-05-01 09:32:50.331216,119.7,119.74
BAC,2019-05-01 09:32:50.369746,30.64,30.6417
BAC,2019-05-01 09:32:50.656160,30.625,30.6442
AAPL,2019-05-01 09:32:50.726121,212.04,212.19
AAPL,2019-05-01 09:32:50.742025,212.1,212.32
CVX,2019-05-01 09:32:50.901067,119.7,119.75
BAC,2019-05-01 09:32:51.145401,30.65,30.66
AAPL,2019-05-01 09:32:51.392115,212.15,212.38
BAC,2019-05-01 09:32:51.574002,30.625,30.66
CVX,2019-05-01 09:32:51.658943,119.75,119.87
AAPL,2019-05-01 09:32:51.882046,212.12,212.35
BAC,2019-05-01 09:32:52.252830,30.61,30.6254
CVX,2019-05-01 09:32:52.470505,119.84,119.9
AAPL,2019-05-01 09:32:52.819297,212.21,212.3954
BAC,2019-05-01 09:32:52.999227,30.645,30.65
CVX,2019-05-01 09:32:53.303661,119.85,119.9424
AAPL,2019-05-01 09:32:53.480723,212.12,212.5
BAC,2019-05-01 09:32:53.551812,30.59,30.6
BAC,2019-05-01 09:32:53.738446,30.6124,30.6124
AAPL,2019-05-01 09:32:53.907836,212.22,212.49
BAC,2019-05-01 09:32:54.246779,30.72,30.74
CVX,2019-05-01 09:32:54.284184,119.88,119.96
AAPL,2019-05-01 09:32:54.669296,212.43,212.68
BAC,2019-05-01 09:32:54.780684,30.69,30.71
CVX,2019-05-01 09:32:55.274693,119.86,119.97
BAC,2019-05-01 09:32:55.418316,30.65,30.715
AAPL,2019-05-01 09:32:55.666902,212.16,212.58
CVX,2019-05-01 09:32:56.019161,119.94,119.99
BAC,2019-05-01 09:32:56.168414,30.75,30.76
AAPL,2019-05-01 09:32:56.312206,212.04,212.35
CVX,2019-05-01 09:32:56.538851,119.92,119.95
BAC,2019-05-01 09:32:56.545323,30.74,30.76
CVX,2019-05-01 09:32:56.572097,119.9,119.9177
AAPL,2019-05-01 09:32:56.943674,211.55,212.24
CVX,2019-05-01 09:32:57.242072,119.7732,119.78
BAC,2019-05-01 09:32:57.429266,30.71,30.76
AAPL,2019-05-01 09:32:57.605217,211.53,211.73
CVX,2019-05-01 09:32:57.636360,119.75,119.773
BAC,2019-05-01 09:32:58.079146,30.68,30.71
CVX,2019-05-01 09:32:58.083743,119.64,119.655
AAPL,2019-05-01 09:32:58.084635,211.42,211.68
CVX,2019-05-01 09:32:58.384101,119.71,119.7303
BAC,2019-05-01 09:32:58.481565,30.69,30.71
BAC,2019-05-01 09:32:58.648909,30.7,30.7475
CVX,2019-05-01 09:32:58.909074,119.77,119.83
AAPL,2019-05-01 09:32:58.973526,211.46,211.7
BAC,2019-05-01 09:32:59.397002,30.74,30.78
AAPL,2019-05-01 09:32:59.566498,211.27,211.67
CVX,2019-05-01 09:32:59.627381,119.68,119.7
CVX,2019-05-01 09:33:00.195006,119.685,119.73
CVX,2019-05-01 09:33:00.375623,119.72,119.745
BAC,2019-05-01 09:33:00.392953,30.76,30.805
AAPL,2019-05-01 09:33:00.415772,211.17,211.46
AAPL,2019-05-01 09:33:00.874497,210.92,211.26
CVX,2019-05-01 09:33:00.977456,119.83,119.87
CVX,2019-05-01 09:33:00.995841,119.85,119.95
BAC,2019-05-01 09:33:01.184335,30.79,30.82
AAPL,2019-05-01 09:33:01.323768,211.12,211.29
CVX,2019-05-01 09:33:01.534511,119.91,120.01
CVX,2019-05-01 09:33:01.843356,120.01,120.07
BAC,2019-05-01 09:33:02.003893,30.78,30.83
BAC,2019-05-01 09:33:02.013233,30.75,30.8
AAPL,2019-05-01 09:33:02.323540,211.13,211.47
CVX,2019-05-01 09:33:02.752598,119.96,120.07
BAC,2019-05-01 09:33:02.895800,30.79,30.8122
CVX,2019-05-01 09:33:03.096309,119.88,120.05
AAPL,2019-05-01 09:33:03.161933,211.21,211.39
CVX,2019-05-01 09:33:03.223492,119.85,119.9899
BAC,2019-05-01 09:33:03.274264,30.81,30.84
BAC,2019-05-01 09:33:03.631347,30.81,30.87
AAPL,2019-05-01 09:33:03.757243,211.17,211.5
CVX,2019-05-01 09:33:03.972338,119.88,120.0
BAC,2019-05-01 09:33:04.164047,30.82,30.87
AAPL,2019-05-01 09:33:04.312209,211.16,211.54
CVX,2019-05-01 09:33:04.313606,119.91,119.97
AAPL,2019-05-01 09:33:04.973238,211.32,211.8
BAC,2019-05-01 09:33:04.991281,30.85,30.89
CVX,2019-05-01 09:33:04.998440,119.83,119.89
BAC,2019-05-01 09:33:05.606954,30.855,30.88
AAPL,2019-05-01 09:33:05.777505,211.45,211.82
CVX,2019-05-01 09:33:05.888032,119.86,120.01
BAC,2019-05-01 09:33:06.396375,30.84,30.87
AAPL,2019-05-01 09:33:06.480708,211.35,211.72
CVX,2019-05-01 09:33:06.628540,119.8,119.95
CVX,2019-05-01 09:33:06.957098,119.75,119.86
AAPL,2019-05-01 09:33:06.997311,211.4,212.05
BAC,2019-05-01 09:33:07.275989,30.85,30.88
AAPL,2019-05-01 09:33:07.543017,211.64,212.0
CVX,2019-05-01 09:33:07.798680,119.72,119.8
BAC,2019-05-01 09:33:08.122728,30.84,30.88
AAPL,2019-05-01 09:33:08.367510,211.51,211.83
BAC,2019-05-01 09:33:08.587145,30.765,30.88
CVX,2019-05-01 09:33:08.740275,119.68,119.83
AAPL,2019-05-01 09:33:09.109322,211.52,211.9
BAC,2019-05-01 09:33:09.424965,30.75,30.78
CVX,2019-05-01 09:33:09.554368,119.77,119.93
AAPL,2019-05-01 09:33:09.979563,211.64,211.93
BAC,2019-05-01 09:33:10.061674,30.725,30.78
CVX,2019-05-01 09:33:10.117355,119.81,119.92
CVX,2019-05-01 09:33:10.404254,119.88,120.01
AAPL,2019-05-01 09:33:10.843353,211.72,211.92
BAC,2019-05-01 09:33:11.019787,30.7,30.75
CVX,2019-05-01 09:33:11.221204,119.95,120.13
AAPL,2019-05-01 09:33:11.280032,211.58,211.96
CVX,2019-05-01 09:33:11.394522,119.8,120.03
CVX,2019-05-01 09:33:11.518015,119.86,120.03399999999999
AAPL,2019-05-01 09:33:11.640844,211.35,211.76
BAC,2019-05-01 09:33:11.660801,30.7352,30.78
AAPL,2019-05-01 09:33:12.161325,211.45,211.93
CVX,2019-05-01 09:33:12.306303,119.92,120.05
BAC,2019-05-01 09:33:12.380970,30.73,30.78
BAC,2019-05-01 09:33:12.707329,30.69,30.74
AAPL,2019-05-01 09:33:12.799905,211.32,211.84
AAPL,2019-05-01 09:33:12.911172,211.12,211.63
BAC,2019-05-01 09:33:13.101604,30.67,30.735
CVX,2019-05-01 09:33:13.238930,119.9964,120.14
CVX,2019-05-01 09:33:13.384621,119.994,120.13
AAPL,2019-05-01 09:33:13.640741,210.85,211.5
BAC,2019-05-01 09:33:13.676833,30.64,30.75
CVX,2019-05-01 09:33:13.901619,119.96,120.14
BAC,2019-05-01 09:33:14.293819,30.55,30.7
AAPL,2019-05-01 09:33:14.436135,210.5,211.0
AAPL,2019-05-01 09:33:14.500442,209.82,210.84
CVX,2019-05-01 09:33:14.647652,119.95,120.14
BAC,2019-05-01 09:33:14.846984,30.58,30.6
CVX,2019-05-01 09:33:14.848879,119.75,119.99
AAPL,2019-05-01 09:33:15.310070,209.65,210.16
CVX,2019-05-01 09:33:15.513776,119.68,119.86
AAPL,2019-05-01 09:33:15.786174,209.25,209.85
AAPL,2019-05-01 09:33:15.813990,209.25,210.23
BAC,2019-05-01 09:33:15.833171,30.58,30.59
CVX,2019-05-01 09:33:15.886591,119.62,119.8248
AAPL,2019-05-01 09:33:16.235705,209.98,210.67
BAC,2019-05-01 09:33:16.338791,30.57,30.59
CVX,2019-05-01 09:33:16.884426,119.6743,119.82
AAPL,2019-05-01 09:33:16.898571,209.69,210.4089
BAC,2019-05-01 09:33:17.307632,30.56,30.585
CVX,2019-05-01 09:33:17.479696,119.5039,119.71
AAPL,2019-05-01 09:33:17.880822,209.3,209.89
BAC,2019-05-01 09:33:17.962186,30.54,30.57
CVX,2019-05-01 09:33:18.167904,119.55,119.82
AAPL,2019-05-01 09:33:18.224735,209.23,210.15
CVX,2019-05-01 09:33:18.371790,119.94,120.05
CVX,2019-05-01 09:33:18.393079,120.0,120.05
BAC,2019-05-01 09:33:18.556966,30.53,30.555
AAPL,2019-05-01 09:33:18.714816,209.46,210.63
CVX,2019-05-01 09:33:19.155962,120.03,120.05
BAC,2019-05-01 09:33:19.268278,30.53,30.55
AAPL,2019-05-01 09:33:19.483657,200.5,201.0
AAPL,2019-05-01 09:33:19.634203,200.62,200.84
AAPL,2019-05-01 09:33:19.991022,200.5875,200.77
AAPL,2019-05-01 09:33:19.996887,200.76,200.89
CVX,2019-05-01 09:33:20.027547,119.98,120.08
AAPL,2019-05-01 09:33:20.054033,200.6842,200.99
BAC,2019-05-01 09:33:20.092386,30.53,30.54
AAPL,2019-05-01 09:33:20.119579,200.83,200.93
CVX,2019-05-01 09:33:20.768181,120.08,120.23
AAPL,2019-05-01 09:33:20.853308,200.86,200.92
AAPL,2019-05-01 09:33:21.010695,200.82,200.9
BAC,2019-05-01 09:33:21.053826,30.52,30.54
CVX,2019-05-01 09:33:21.246098,120.14,120.28
AAPL,2019-05-01 09:33:21.415974,200.81,200.93
BAC,2019-05-01 09:33:21.683881,30.52,30.54
CVX,2019-05-01 09:33:21.964931,120.1,120.14
AAPL,2019-05-01 09:33:22.295676,200.81,200.93
CVX,2019-05-01 09:33:22.327159,120.04,120.13
BAC,2019-05-01 09:33:22.580454,30.53,30.545
CVX,2019-05-01 09:33:22.989865,119.945,120.06
CVX,2019-05-01 09:33:23.021193,119.94,120.12
AAPL,2019-05-01 09:33:23.171955,200.8,200.9
BAC,2019-05-01 09:33:23.253230,30.524,30.55
BAC,2019-05-01 09:33:23.391696,30.51,30.53
AAPL,2019-05-01 09:33:23.610597,200.82,200.88
CVX,2019-05-01 09:33:23.644574,120.0701,120.14
CVX,2019-05-01 09:33:23.701463,120.05,120.1
BAC,2019-05-01 09:33:23.713204,30.5101,30.54
CVX,2019-05-01 09:33:24.324775,120.04,120.11
AAPL,2019-05-01 09:33:24.422423,200.76,200.85
AAPL,2019-05-01 09:33:24.461491,200.75,200.93
BAC,2019-05-01 09:33:24.636385,30.525,30.55
AAPL,2019-05-01 09:33:24.998255,200.77,200.9
CVX,2019-05-01 09:33:25.133413,120.04,120.13
CVX,2019-05-01 09:33:25.536184,120.04,120.17
BAC,2019-05-01 09:33:25.552000,30.51,30.54
AAPL,2019-05-01 09:33:25.687852,200.77,200.85
BAC,2019-05-01 09:33:25.697666,30.535,30.56
AAPL,2019-05-01 09:33:26.368398,200.8,200.93
BAC,2019-05-01 09:33:26.390601,30.54,30.56
CVX,2019-05-01 09:33:26.508449,119.99,120.08
CVX,2019-05-01 09:33:26.773377,119.98,120.045
AAPL,2019-05-01 09:33:27.054642,200.86,200.99
CVX,2019-05-01 09:33:27.063208,119.85,120.06
AAPL,2019-05-01 09:33:27.318774,200.85,200.95
BAC,2019-05-01 09:33:27.374450,30.5401,30.56
CVX,2019-05-01 09:33:27.824711,119.89,120.01
AAPL,2019-05-01 09:33:27.897929,200.74,200.87
BAC,2019-05-01 09:33:28.024621,30.535,30.55
BAC,2019-05-01 09:33:28.145815,30.53,30.545
BAC,2019-05-01 09:33:28.364353,30.525,30.55
CVX,2019-05-01 09:33:28.424042,119.9101,120.0107
AAPL,2019-05-01 09:33:28.782056,200.655,200.78
BAC,2019-05-01 09:33:28.844523,30.53,30.55
CVX,2019-05-01 09:33:29.217651,120.0,120.09
CVX,2019-05-01 09:33:29.483839,119.95,120.02
BAC,2019-05-01 09:33:29.500917,30.53,30.54
AAPL,2019-05-01 09:33:29.605184,200.595,200.75
BAC,2019-05-01 09:33:29.911091,30.53,30.55
BAC,2019-05-01 09:33:30.135040,30.51,30.54
CVX,2019-05-01 09:33:30.342879,119.875,120.0
AAPL,2019-05-01 09:33:30.383552,200.57,200.64
CVX,2019-05-01 09:33:30.819813,119.821,119.88
CVX,2019-05-01 09:33:30.974427,119.735,119.83
BAC,2019-05-01 09:33:31.093609,30.505,30.53
AAPL,2019-05-01 09:33:31.214108,200.55,200.64
AAPL,2019-05-01 09:33:31.243940,200.6,200.8
BAC,2019-05-01 09:33:31.408300,30.5,30.525
AAPL,2019-05-01 09:33:31.536621,200.72,200.86
BAC,2019-05-01 09:33:31.638884,30.5,30.52
CVX,2019-05-01 09:33:31.934073,119.76,119.82
CVX,2019-05-01 09:33:31.985154,119.71,119.83
AAPL,2019-05-01 09:33:32.388000,200.81,200.8999
AAPL,2019-05-01 09:33:32.468798,200.81,200.91
BAC,2019-05-01 09:33:32.529833,30.49,30.515
AAPL,2019-05-01 09:33:32.535369,200.6995,200.91
AAPL,2019-05-01 09:33:32.758698,200.69,200.79
BAC,2019-05-01 09:33:32.793564,30.5,30.53
CVX,2019-05-01 09:33:32.820114,119.65,119.74
BAC,2019-05-01 09:33:33.327258,30.48,30.51
AAPL,2019-05-01 09:33:33.459483,200.76,200.97
CVX,2019-05-01 09:33:33.597486,119.65,119.69
BAC,2019-05-01 09:33:34.084344,30.49,30.52
AAPL,2019-05-01 09:33:34.324325,200.94,201.02
BAC,2019-05-01 09:33:34.481505,30.51,30.52
CVX,2019-05-01 09:33:34.574966,119.66,119.8
AAPL,2019-05-01 09:33:34.671856,200.96,201.02
BAC,2019-05-01 09:33:34.787821,30.51,30.535
AAPL,2019-05-01 09:33:34.838508,200.95,201.01
CVX,2019-05-01 09:33:35.262619,119.78,119.85
BAC,2019-05-01 09:33:35.514023,30.53,30.54
AAPL,2019-05-01 09:33:35.613515,200.95,201.03
BAC,2019-05-01 09:33:35.785611,30.53,30.555
CVX,2019-05-01 09:33:36.004356,119.74,119.81
BAC,2019-05-01 09:33:36.510964,30.54,30.56
AAPL,2019-05-01 09:33:36.522325,201.02,201.08
CVX,2019-05-01 09:33:36.615639,119.72,119.81
BAC,2019-05-01 09:33:37.069045,30.54,30.56
CVX,2019-05-01 09:33:37.129919,119.77,119.86
AAPL,2019-05-01 09:33:37.238270,201.05,201.1899
CVX,2019-05-01 09:33:37.671194,119.78,119.81
BAC,2019-05-01 09:33:37.757026,30.5301,30.56
AAPL,2019-05-01 09:33:37.835881,201.139,201.23
AAPL,2019-05-01 09:33:38.096651,201.19,201.24
BAC,2019-05-01 09:33:38.207468,30.500999999999998,30.54
CVX,2019-05-01 09:33:38.559328,119.78,119.87
AAPL,2019-05-01 09:33:38.583526,201.12,201.26
BAC,2019-05-01 09:33:38.809243,30.51,30.535
BAC,2019-05-01 09:33:39.272584,30.53,30.54
AAPL,2019-05-01 09:33:39.423652,201.08,201.255
CVX,2019-05-01 09:33:39.510929,119.85,119.98
CVX,2019-05-01 09:33:39.822982,119.92,120.04
AAPL,2019-05-01 09:33:39.844113,201.13,201.23
BAC,2019-05-01 09:33:39.927631,30.53,30.55
BAC,2019-05-01 09:33:40.182827,30.54,30.56
AAPL,2019-05-01 09:33:40.599921,201.07,201.25
CVX,2019-05-01 09:33:40.661172,120.0,120.09
BAC,2019-05-01 09:33:40.879916,30.55,30.56
AAPL,2019-05-01 09:33:41.414618,201.13,201.2351
CVX,2019-05-01 09:33:41.505196,119.98,120.11
BAC,2019-05-01 09:33:41.565142,30.55,30.57
BAC,2019-05-01 09:33:41.799057,30.56,30.57
CVX,2019-05-01 09:33:41.993538,119.93,120.01
AAPL,2019-05-01 09:33:42.256932,201.11,201.18
AAPL,2019-05-01 09:33:42.628814,201.025,201.18
CVX,2019-05-01 09:33:42.639774,119.9,119.96
BAC,2019-05-01 09:33:42.718433,30.55,30.57
CVX,2019-05-01 09:33:42.935286,119.92,119.96
BAC,2019-05-01 09:33:43.022921,30.56,30.585
AAPL,2019-05-01 09:33:43.435808,200.94,201.05
BAC,2019-05-01 09:33:43.913216,30.57,30.59
CVX,2019-05-01 09:33:43.923493,119.92,120.03
BAC,2019-05-01 09:33:44.187555,30.565,30.58
AAPL,2019-05-01 09:33:44.246377,200.91,201.03
CVX,2019-05-01 09:33:44.654731,120.006,120.0568
BAC,2019-05-01 09:33:44.700680,30.56,30.58
CVX,2019-05-01 09:33:44.713621,120.0,120.05
AAPL,2019-05-01 09:33:44.730652,201.0,201.19
CVX,2019-05-01 09:33:45.009347,120.05,120.075
BAC,2019-05-01 09:33:45.047070,30.56,30.58
CVX,2019-05-01 09:33:45.565632,119.99,120.08
AAPL,2019-05-01 09:33:45.640310,201.07,201.21
BAC,2019-05-01 09:33:45.788426,30.57,30.58
CVX,2019-05-01 09:33:45.789725,119.9749,120.01
CVX,2019-05-01 09:33:46.140141,119.97,120.02
CVX,2019-05-01 09:33:46.196608,120.0,120.0599
CVX,2019-05-01 09:33:46.522013,120.0,120.07
AAPL,2019-05-01 09:33:46.612978,201.2,201.28
CVX,2019-05-01 09:33:46.625342,120.01,120.05
BAC,2019-05-01 09:33:46.699907,30.555,30.5778
CVX,2019-05-01 09:33:46.732216,120.005,120.06
CVX,2019-05-01 09:33:46.977644,120.02,120.06
AAPL,2019-05-01 09:33:47.323457,201.16,201.25
CVX,2019-05-01 09:33:47.409746,120.05,120.09
BAC,2019-05-01 09:33:47.555208,30.55,30.57
CVX,2019-05-01 09:33:47.890916,120.05,120.09
BAC,2019-05-01 09:33:47.920797,30.555,30.58
AAPL,2019-05-01 09:33:48.194339,201.1,201.25
BAC,2019-05-01 09:33:48.230799,30.56,30.585
CVX,2019-05-01 09:33:48.434014,120.01,120.06
BAC,2019-05-01 09:33:48.461481,30.56,30.59
AAPL,2019-05-01 09:33:48.812676,201.0661,201.24400000000003
CVX,2019-05-01 09:33:48.999298,120.0,120.03
BAC,2019-05-01 09:33:49.204946,30.5633,30.59
BAC,2019-05-01 09:33:49.221131,30.57,30.58
CVX,2019-05-01 09:33:49.240405,120.0,120.08
CVX,2019-05-01 09:33:49.372319,120.05,120.09
AAPL,2019-05-01 09:33:49.551383,200.96,201.09
BAC,2019-05-01 09:33:49.987438,30.56,30.58
BAC,2019-05-01 09:33:50.005889,30.55,30.585
BAC,2019-05-01 09:33:50.068309,30.54,30.565
AAPL,2019-05-01 09:33:50.267406,200.94,201.06
CVX,2019-05-01 09:33:50.364442,120.06,120.09
AAPL,2019-05-01 09:33:50.563349,200.88,201.0178
BAC,2019-05-01 09:33:50.777033,30.53,30.545
AAPL,2019-05-01 09:33:50.797100,200.8801,200.98
CVX,2019-05-01 09:33:50.927681,120.09,120.13
CVX,2019-05-01 09:33:51.175705,120.1,120.13
BAC,2019-05-01 09:33:51.368346,30.53,30.54
CVX,2019-05-01 09:33:51.583705,120.115,120.175
AAPL,2019-05-01 09:33:51.794595,200.87,201.07
AAPL,2019-05-01 09:33:51.874713,201.06,201.17
CVX,2019-05-01 09:33:51.996554,120.17,120.23
AAPL,2019-05-01 09:33:52.075962,201.1,201.1752
BAC,2019-05-01 09:33:52.224588,30.52,30.5447
BAC,2019-05-01 09:33:52.402927,30.53,30.55
CVX,2019-05-01 09:33:52.613247,120.175,120.22
AAPL,2019-05-01 09:33:53.001285,201.06,201.15
AAPL,2019-05-01 09:33:53.045200,201.06,201.17
BAC,2019-05-01 09:33:53.220192,30.53,30.5568
CVX,2019-05-01 09:33:53.612715,120.18,120.21
BAC,2019-05-01 09:33:53.744380,30.545,30.56
CVX,2019-05-01 09:33:53.761034,120.2,120.25
AAPL,2019-05-01 09:33:53.906804,201.11,201.19
AAPL,2019-05-01 09:33:54.122416,201.115,201.2
BAC,2019-05-01 09:33:54.253457,30.545,30.565
AAPL,2019-05-01 09:33:54.607854,201.135,201.2801
CVX,2019-05-01 09:33:54.671361,120.24,120.26
BAC,2019-05-01 09:33:54.852609,30.53,30.555
BAC,2019-05-01 09:33:54.867210,30.53,30.5401
BAC,2019-05-01 09:33:54.904762,30.53,30.54
BAC,2019-05-01 09:33:54.919352,30.53,30.545
AAPL,2019-05-01 09:33:55.315620,201.27,201.3856
BAC,2019-05-01 09:33:55.400594,30.54,30.56
CVX,2019-05-01 09:33:55.590756,120.24,120.27
BAC,2019-05-01 09:33:55.602973,30.55,30.5665
CVX,2019-05-01 09:33:55.769402,120.24,120.28
CVX,2019-05-01 09:33:55.770514,120.23,120.28
AAPL,2019-05-01 09:33:55.921095,201.3283,201.41
CVX,2019-05-01 09:33:56.146667,120.21,120.2499
BAC,2019-05-01 09:33:56.325654,30.55,30.57
AAPL,2019-05-01 09:33:56.872916,201.4,201.46
CVX,2019-05-01 09:33:57.022984,120.19,120.245
AAPL,2019-05-01 09:33:57.174452,201.32,201.43
BAC,2019-05-01 09:33:57.290403,30.55,30.565
AAPL,2019-05-01 09:33:57.458076,201.27,201.39
AAPL,2019-05-01 09:33:57.475472,201.27,201.37
CVX,2019-05-01 09:33:57.803749,120.19,120.24
CVX,2019-05-01 09:33:57.991927,120.2,120.25
BAC,2019-05-01 09:33:58.217435,30.56,30.58
AAPL,2019-05-01 09:33:58.284003,201.26,201.35
AAPL,2019-05-01 09:33:58.346291,201.18,201.28
CVX,2019-05-01 09:33:58.651241,120.1849,120.24
BAC,2019-05-01 09:33:58.662913,30.55,30.565
CVX,2019-05-01 09:33:58.866088,120.2,120.25
BAC,2019-05-01 09:33:59.060768,30.55,30.56
AAPL,2019-05-01 09:33:59.142109,201.15,201.24
BAC,2019-05-01 09:33:59.310233,30.55,30.565
CVX,2019-05-01 09:33:59.399262,120.18,120.235
BAC,2019-05-01 09:33:59.470510,30.55,30.575
BAC,2019-05-01 09:33:59.512986,30.56,30.57
AAPL,2019-05-01 09:33:59.635574,201.09,201.19
CVX,2019-05-01 09:33:59.829087,120.14,120.18
AAPL,2019-05-01 09:34:00.374436,201.16,201.23
BAC,2019-05-01 09:34:00.454572,30.555,30.57
AAPL,2019-05-01 09:34:00.524089,201.15,201.24
CVX,2019-05-01 09:34:00.751921,120.16,120.23
BAC,2019-05-01 09:34:00.910590,30.56,30.58
CVX,2019-05-01 09:34:01.029367,120.17,120.24
BAC,2019-05-01 09:34:01.179141,30.58,30.59
AAPL,2019-05-01 09:34:01.506259,201.08,201.21
CVX,2019-05-01 09:34:01.624303,120.16,120.2
BAC,2019-05-01 09:34:01.949186,30.575,30.5866
AAPL,2019-05-01 09:34:01.955966,201.03,201.1706
CVX,2019-05-01 09:34:02.351571,120.18,120.22
AAPL,2019-05-01 09:34:02.383481,201.02,201.1299
CVX,2019-05-01 09:34:02.429841,120.18,120.21
BAC,2019-05-01 09:34:02.706411,30.58,30.59
CVX,2019-05-01 09:34:02.980113,120.22,120.27
CVX,2019-05-01 09:34:03.090784,120.16,120.3
BAC,2019-05-01 09:34:03.091414,30.57,30.585
BAC,2019-05-01 09:34:03.204427,30.57,30.58
AAPL,2019-05-01 09:34:03.308072,201.06,201.16
CVX,2019-05-01 09:34:03.336707,120.135,120.24
BAC,2019-05-01 09:34:03.625207,30.56,30.58
AAPL,2019-05-01 09:34:03.880294,201.07,201.17
BAC,2019-05-01 09:34:04.001726,30.57,30.58
BAC,2019-05-01 09:34:04.195830,30.56,30.585
CVX,2019-05-01 09:34:04.197329,120.1799,120.27
BAC,2019-05-01 09:34:04.297210,30.57,30.585
AAPL,2019-05-01 09:34:04.857321,201.12,201.2
CVX,2019-05-01 09:34:04.912514,120.2105,120.23
BAC,2019-05-01 09:34:04.999413,30.58,30.6
BAC,2019-05-01 09:34:05.080877,30.59,30.605
BAC,2019-05-01 09:34:05.346115,30.59,30.6
BAC,2019-05-01 09:34:05.633786,30.58,30.595
CVX,2019-05-01 09:34:05.644477,120.1,120.225
AAPL,2019-05-01 09:34:05.805730,201.16,201.35
CVX,2019-05-01 09:34:05.831444,120.12,120.18
AAPL,2019-05-01 09:34:06.229608,201.22,201.38
AAPL,2019-05-01 09:34:06.251899,201.16,201.35
CVX,2019-05-01 09:34:06.409744,120.07,120.16
BAC,2019-05-01 09:34:06.513190,30.57,30.595
AAPL,2019-05-01 09:34:07.068991,201.3,201.41
AAPL,2019-05-01 09:34:07.139206,201.35,201.47
CVX,2019-05-01 09:34:07.148229,120.13,120.22
BAC,2019-05-01 09:34:07.466030,30.58,30.59
AAPL,2019-05-01 09:34:08.024165,201.35,201.485
CVX,2019-05-01 09:34:08.050060,120.21,120.31
CVX,2019-05-01 09:34:08.310560,120.195,120.31
BAC,2019-05-01 09:34:08.346079,30.57,30.583000000000002
BAC,2019-05-01 09:34:08.441430,30.56,30.58
AAPL,2019-05-01 09:34:08.662901,201.3,201.38
BAC,2019-05-01 09:34:08.950731,30.58,30.59
CVX,2019-05-01 09:34:09.160602,120.23,120.32
AAPL,2019-05-01 09:34:09.182792,201.3,201.4235
BAC,2019-05-01 09:34:09.302085,30.58,30.605
CVX,2019-05-01 09:34:09.457169,120.28,120.3256
AAPL,2019-05-01 09:34:09.466697,201.2,201.3432
CVX,2019-05-01 09:34:09.590193,120.28,120.315
CVX,2019-05-01 09:34:09.650962,120.26,120.3
BAC,2019-05-01 09:34:09.652158,30.57,30.59
CVX,2019-05-01 09:34:10.014710,120.2632,120.29
AAPL,2019-05-01 09:34:10.148749,201.28,201.35
AAPL,2019-05-01 09:34:10.548491,201.24,201.35
BAC,2019-05-01 09:34:10.552475,30.555,30.5787
AAPL,2019-05-01 09:34:10.654880,201.27,201.38
AAPL,2019-05-01 09:34:10.768068,201.3,201.5
CVX,2019-05-01 09:34:10.831506,120.17,120.27
BAC,2019-05-01 09:34:10.919659,30.55,30.57
CVX,2019-05-01 09:34:10.923820,120.24,120.32
BAC,2019-05-01 09:34:11.089449,30.57,30.585
AAPL,2019-05-01 09:34:11.443885,201.45,201.5
CVX,2019-05-01 09:34:11.446595,120.31,120.38
BAC,2019-05-01 09:34:11.509716,30.58,30.595
BAC,2019-05-01 09:34:11.644113,30.57,30.59
BAC,2019-05-01 09:34:11.826429,30.56,30.576999999999998
CVX,2019-05-01 09:34:12.044773,120.32,120.39
AAPL,2019-05-01 09:34:12.094322,201.4,201.49
BAC,2019-05-01 09:34:12.281272,30.57,30.58
CVX,2019-05-01 09:34:12.456904,120.3,120.33
CVX,2019-05-01 09:34:12.751320,120.2681,120.34
BAC,2019-05-01 09:34:12.898549,30.56,30.58
AAPL,2019-05-01 09:34:12.902902,201.35,201.43
BAC,2019-05-01 09:34:12.925530,30.55,30.58
AAPL,2019-05-01 09:34:13.160159,201.2666,201.3799
BAC,2019-05-01 09:34:13.216081,30.57,30.58
BAC,2019-05-01 09:34:13.378444,30.58,30.59
CVX,2019-05-01 09:34:13.387679,120.16,120.26
CVX,2019-05-01 09:34:13.694793,120.15,120.2
CVX,2019-05-01 09:34:13.775602,120.11,120.17
AAPL,2019-05-01 09:34:13.857480,201.16,201.27
CVX,2019-05-01 09:34:13.985490,120.16,120.19
CVX,2019-05-01 09:34:14.343700,120.1001,120.17
BAC,2019-05-01 09:34:14.366345,30.55,30.59
CVX,2019-05-01 09:34:14.551282,120.105,120.1302
BAC,2019-05-01 09:34:14.632308,30.55,30.565
BAC,2019-05-01 09:34:14.656857,30.545,30.57
AAPL,2019-05-01 09:34:14.716502,201.24,201.29
BAC,2019-05-01 09:34:14.976622,30.54,30.57
AAPL,2019-05-01 09:34:15.348353,201.24,201.36
AAPL,2019-05-01 09:34:15.390212,201.2767,201.35
CVX,2019-05-01 09:34:15.408521,120.01,120.14
AAPL,2019-05-01 09:34:15.750358,201.23,201.32
BAC,2019-05-01 09:34:15.827820,30.55,30.59
BAC,2019-05-01 09:34:15.933487,30.55,30.5798
CVX,2019-05-01 09:34:16.363271,119.92,120.01
BAC,2019-05-01 09:34:16.401375,30.55,30.58
AAPL,2019-05-01 09:34:16.570685,201.18,201.29
BAC,2019-05-01 09:34:16.927838,30.57,30.59
CVX,2019-05-01 09:34:17.030464,119.91,119.995
AAPL,2019-05-01 09:34:17.563744,201.1042,201.25
BAC,2019-05-01 09:34:17.868373,30.58,30.605
CVX,2019-05-01 09:34:17.899127,119.95,119.99
AAPL,2019-05-01 09:34:18.020093,201.0764,201.21
CVX,2019-05-01 09:34:18.560909,119.97,120.04
CVX,2019-05-01 09:34:18.594701,119.99,120.05
AAPL,2019-05-01 09:34:18.697510,201.05,201.23
BAC,2019-05-01 09:34:18.701810,30.59,30.61
BAC,2019-05-01 09:34:18.816137,30.59,30.63
BAC,2019-05-01 09:34:19.332030,30.605,30.615
AAPL,2019-05-01 09:34:19.452231,201.24,201.33
CVX,2019-05-01 09:34:19.542788,119.99,120.03
CVX,2019-05-01 09:34:19.672915,119.94,119.98
AAPL,2019-05-01 09:34:20.084685,201.21,201.3
BAC,2019-05-01 09:34:20.094721,30.6,30.62
CVX,2019-05-01 09:34:20.641763,119.92,120.0
AAPL,2019-05-01 09:34:20.710660,201.21,201.31
BAC,2019-05-01 09:34:21.042087,30.6,30.615
AAPL,2019-05-01 09:34:21.399011,201.23,201.32
CVX,2019-05-01 09:34:21.508966,119.96,120.02
BAC,2019-05-01 09:34:21.597093,30.5802,30.605
BAC,2019-05-01 09:34:21.717717,30.59,30.62
BAC,2019-05-01 09:34:21.864722,30.594,30.61
AAPL,2019-05-01 09:34:21.902210,201.12,201.2601
CVX,2019-05-01 09:34:22.473130,119.95,120.04
BAC,2019-05-01 09:34:22.631278,30.6,30.62
BAC,2019-05-01 09:34:22.683337,30.58,30.6
CVX,2019-05-01 09:34:22.753970,120.01,120.08
AAPL,2019-05-01 09:34:22.843470,201.2,201.31
BAC,2019-05-01 09:34:23.064217,30.58,30.601
BAC,2019-05-01 09:34:23.088828,30.5923,30.6101
BAC,2019-05-01 09:34:23.464163,30.61,30.62
CVX,2019-05-01 09:34:23.581648,120.05,120.07
AAPL,2019-05-01 09:34:23.743084,201.26,201.41
BAC,2019-05-01 09:34:23.770198,30.61,30.62
AAPL,2019-05-01 09:34:24.353041,201.22,201.4
BAC,2019-05-01 09:34:24.476944,30.6,30.62
CVX,2019-05-01 09:34:24.571709,120.0,120.07
AAPL,2019-05-01 09:34:24.771947,201.29,201.38
BAC,2019-05-01 09:34:24.858845,30.595,30.61
BAC,2019-05-01 09:34:24.990878,30.595,30.62
CVX,2019-05-01 09:34:25.188150,120.01,120.0732
CVX,2019-05-01 09:34:25.203355,120.0,120.04
BAC,2019-05-01 09:34:25.304215,30.585,30.5979
AAPL,2019-05-01 09:34:25.338899,201.26,201.42
AAPL,2019-05-01 09:34:25.350766,201.22,201.29
AAPL,2019-05-01 09:34:25.378848,201.15,201.28
BAC,2019-05-01 09:34:25.642192,30.555,30.595
BAC,2019-05-01 09:34:25.872570,30.54,30.56
AAPL,2019-05-01 09:34:25.896405,201.09,201.22
CVX,2019-05-01 09:34:25.993273,119.89,120.01
BAC,2019-05-01 09:34:26.263839,30.545,30.5599
AAPL,2019-05-01 09:34:26.292772,201.04,201.15
CVX,2019-05-01 09:34:26.564344,119.9335,119.99
BAC,2019-05-01 09:34:26.704644,30.54,30.57
CVX,2019-05-01 09:34:26.784741,119.94,120.005
CVX,2019-05-01 09:34:26.831356,119.9,120.0
CVX,2019-05-01 09:34:26.874515,119.89,119.965
AAPL,2019-05-01 09:34:26.918085,201.02,201.15
AAPL,2019-05-01 09:34:27.230655,201.05,201.1552
BAC,2019-05-01 09:34:27.379925,30.56,30.575
BAC,2019-05-01 09:34:27.407978,30.56,30.58
AAPL,2019-05-01 09:34:27.663288,201.0537,201.14
CVX,2019-05-01 09:34:27.695906,119.85,119.95
BAC,2019-05-01 09:34:27.920456,30.565,30.58
BAC,2019-05-01 09:34:27.986803,30.56,30.58
CVX,2019-05-01 09:34:28.059046,119.88,120.015
BAC,2019-05-01 09:34:28.321453,30.55,30.57
AAPL,2019-05-01 09:34:28.470835,201.08,201.15
AAPL,2019-05-01 09:34:28.673014,201.0802,201.22
AAPL,2019-05-01 09:34:28.816008,201.054,201.33
BAC,2019-05-01 09:34:28.837161,30.54,30.56
CVX,2019-05-01 09:34:28.997350,119.86,120.02
AAPL,2019-05-01 09:34:29.419888,201.18,201.26
BAC,2019-05-01 09:34:29.543637,30.55,30.565
CVX,2019-05-01 09:34:29.910291,119.87,120.0331
AAPL,2019-05-01 09:34:30.010198,201.1489,201.2862
CVX,2019-05-01 09:34:30.100737,120.02,120.11
CVX,2019-05-01 09:34:30.199883,120.11,120.24
BAC,2019-05-01 09:34:30.347084,30.555,30.58
BAC,2019-05-01 09:34:30.546488,30.56,30.565
BAC,2019-05-01 09:34:30.775005,30.55,30.565
AAPL,2019-05-01 09:34:30.780761,201.06,201.2
BAC,2019-05-01 09:34:31.121710,30.55,30.575
CVX,2019-05-01 09:34:31.147704,120.22,120.3
CVX,2019-05-01 09:34:31.522175,120.27,120.435
AAPL,2019-05-01 09:34:31.777550,200.95,201.07
CVX,2019-05-01 09:34:31.787424,120.39,120.48
BAC,2019-05-01 09:34:31.918135,30.57,30.58
AAPL,2019-05-01 09:34:31.971960,200.87,200.97
CVX,2019-05-01 09:34:32.376156,120.47,120.54
BAC,2019-05-01 09:34:32.717519,30.56,30.575
AAPL,2019-05-01 09:34:32.786716,200.862,200.9
BAC,2019-05-01 09:34:32.895727,30.54,30.57
AAPL,2019-05-01 09:34:33.029126,200.74,200.87
AAPL,2019-05-01 09:34:33.107032,200.79,200.92
CVX,2019-05-01 09:34:33.145222,120.51,120.6
CVX,2019-05-01 09:34:33.207923,120.57,120.61
BAC,2019-05-01 09:34:33.213448,30.53,30.55
CVX,2019-05-01 09:34:33.790346,120.56,120.583
AAPL,2019-05-01 09:34:33.804345,200.85,200.9
AAPL,2019-05-01 09:34:33.976087,200.78,200.92
BAC,2019-05-01 09:34:33.981259,30.53,30.535
AAPL,2019-05-01 09:34:34.020856,200.78,200.83
CVX,2019-05-01 09:34:34.052793,120.53,120.585
BAC,2019-05-01 09:34:34.078918,30.52,30.535
BAC,2019-05-01 09:34:34.094749,30.52,30.555
AAPL,2019-05-01 09:34:34.304578,200.75,200.86
BAC,2019-05-01 09:34:34.305285,30.54,30.56
AAPL,2019-05-01 09:34:34.594748,200.76,200.86
AAPL,2019-05-01 09:34:34.745061,200.74,200.87
CVX,2019-05-01 09:34:34.756191,120.5725,120.61
AAPL,2019-05-01 09:34:34.896238,200.74,200.85
BAC,2019-05-01 09:34:35.163672,30.545,30.56
AAPL,2019-05-01 09:34:35.250968,200.6774,200.75
CVX,2019-05-01 09:34:35.399479,120.53,120.6
BAC,2019-05-01 09:34:35.587896,30.53,30.55
CVX,2019-05-01 09:34:35.886409,120.585,120.64
AAPL,2019-05-01 09:34:35.899393,200.585,200.75
AAPL,2019-05-01 09:34:36.004163,200.58,200.68
BAC,2019-05-01 09:34:36.035913,30.53,30.545
AAPL,2019-05-01 09:34:36.143841,200.53,200.67
AAPL,2019-05-01 09:34:36.728738,200.4639,200.6
CVX,2019-05-01 09:34:36.756376,120.59,120.63
CVX,2019-05-01 09:34:36.928818,120.59,120.65
BAC,2019-05-01 09:34:37.022671,30.52,30.555
BAC,2019-05-01 09:34:37.163759,30.55,30.5571
AAPL,2019-05-01 09:34:37.305995,200.5765,200.68
CVX,2019-05-01 09:34:37.331708,120.63,120.67
AAPL,2019-05-01 09:34:37.544224,200.59,200.74
AAPL,2019-05-01 09:34:37.585656,200.595,200.7
CVX,2019-05-01 09:34:37.713543,120.63,120.69
BAC,2019-05-01 09:34:37.736543,30.54,30.56
CVX,2019-05-01 09:34:38.077575,120.63,120.7
CVX,2019-05-01 09:34:38.516803,120.64,120.69
AAPL,2019-05-01 09:34:38.530391,200.69,200.72
BAC,2019-05-01 09:34:38.727450,30.54,30.55
CVX,2019-05-01 09:34:38.919616,120.6,120.64
CVX,2019-05-01 09:34:39.064302,120.56,120.62
AAPL,2019-05-01 09:34:39.292268,200.6,200.79
BAC,2019-05-01 09:34:39.339549,30.54,30.55
CVX,2019-05-01 09:34:39.699073,120.58,120.7
AAPL,2019-05-01 09:34:40.011384,200.5865,200.69
BAC,2019-05-01 09:34:40.333438,30.5301,30.55
CVX,2019-05-01 09:34:40.635017,120.5,120.61
BAC,2019-05-01 09:34:40.664089,30.51,30.535
BAC,2019-05-01 09:34:40.787399,30.48,30.515
CVX,2019-05-01 09:34:40.793380,120.45,120.55
AAPL,2019-05-01 09:34:40.876794,200.6218,200.696
CVX,2019-05-01 09:34:41.092456,120.4,120.51
BAC,2019-05-01 09:34:41.187293,30.48,30.49
BAC,2019-05-01 09:34:41.480498,30.47,30.49
AAPL,2019-05-01 09:34:41.552512,200.63,200.72
CVX,2019-05-01 09:34:41.759568,120.46,120.55
BAC,2019-05-01 09:34:42.152770,30.48,30.51
AAPL,2019-05-01 09:34:42.312008,200.5251,200.76
AAPL,2019-05-01 09:34:42.490349,200.53,200.62
CVX,2019-05-01 09:34:42.750298,120.55,120.61
BAC,2019-05-01 09:34:43.095806,30.49,30.51
AAPL,2019-05-01 09:34:43.109553,200.51,200.57
CVX,2019-05-01 09:34:43.238064,120.555,120.6
AAPL,2019-05-01 09:34:43.604096,200.38,200.59
BAC,2019-05-01 09:34:43.647434,30.48,30.5
AAPL,2019-05-01 09:34:43.698214,200.35,200.42
BAC,2019-05-01 09:34:43.971112,30.485,30.5
CVX,2019-05-01 09:34:44.072178,120.54,120.575
BAC,2019-05-01 09:34:44.378838,30.482,30.5
CVX,2019-05-01 09:34:44.583687,120.53,120.58
AAPL,2019-05-01 09:34:44.600016,200.3531,200.44
CVX,2019-05-01 09:34:44.645582,120.51,120.55
BAC,2019-05-01 09:34:44.784084,30.475,30.5
AAPL,2019-05-01 09:34:44.893751,200.2,200.35
AAPL,2019-05-01 09:34:45.029578,200.23,200.4
AAPL,2019-05-01 09:34:45.524284,200.33,200.49
CVX,2019-05-01 09:34:45.534140,120.51,120.63
BAC,2019-05-01 09:34:45.716568,30.47,30.4876
AAPL,2019-05-01 09:34:45.897912,200.44,200.55
CVX,2019-05-01 09:34:46.123438,120.5,120.54
BAC,2019-05-01 09:34:46.278655,30.48,30.5
AAPL,2019-05-01 09:34:46.326599,200.4398,200.52
AAPL,2019-05-01 09:34:46.568591,200.43,200.54
AAPL,2019-05-01 09:34:46.850770,200.505,200.6875
BAC,2019-05-01 09:34:46.981967,30.48,30.49
CVX,2019-05-01 09:34:47.047616,120.485,120.52
BAC,2019-05-01 09:34:47.432579,30.465,30.51
CVX,2019-05-01 09:34:47.432659,120.51,120.53
CVX,2019-05-01 09:34:47.566510,120.49,120.53
AAPL,2019-05-01 09:34:47.599553,200.65,200.76
CVX,2019-05-01 09:34:47.906564,120.49,120.51
BAC,2019-05-01 09:34:48.421559,30.5,30.5142
AAPL,2019-05-01 09:34:48.572056,200.61,200.72
CVX,2019-05-01 09:34:48.602917,120.5,120.52
CVX,2019-05-01 09:34:48.967879,120.46,120.535
BAC,2019-05-01 09:34:49.104642,30.5,30.52
AAPL,2019-05-01 09:34:49.171664,200.67,200.9
BAC,2019-05-01 09:34:49.837294,30.5,30.52
BAC,2019-05-01 09:34:49.901310,30.51,30.5299
CVX,2019-05-01 09:34:49.922948,120.523,120.59
AAPL,2019-05-01 09:34:49.934323,200.81,200.8958
BAC,2019-05-01 09:34:50.384830,30.51,30.5251
CVX,2019-05-01 09:34:50.464100,120.47,120.55
AAPL,2019-05-01 09:34:50.491983,200.77,200.9
BAC,2019-05-01 09:34:50.596169,30.52,30.53
AAPL,2019-05-01 09:34:50.812101,200.81,200.9
CVX,2019-05-01 09:34:51.050050,120.3901,120.48
BAC,2019-05-01 09:34:51.227585,30.5,30.53
AAPL,2019-05-01 09:34:51.378317,200.845,200.95
AAPL,2019-05-01 09:34:51.570944,200.85,200.96
AAPL,2019-05-01 09:34:51.632848,200.765,200.9453
BAC,2019-05-01 09:34:51.702617,30.5,30.515
CVX,2019-05-01 09:34:51.905296,120.31,120.4
BAC,2019-05-01 09:34:51.905869,30.5,30.515
CVX,2019-05-01 09:34:51.937574,120.3043,120.355
CVX,2019-05-01 09:34:52.137295,120.34,120.37
BAC,2019-05-01 09:34:52.380411,30.49,30.51
AAPL,2019-05-01 09:34:52.546074,200.7231,200.8
BAC,2019-05-01 09:34:52.757051,30.49,30.5
CVX,2019-05-01 09:34:53.005704,120.3,120.38
AAPL,2019-05-01 09:34:53.467203,200.5,200.75
BAC,2019-05-01 09:34:53.576373,30.495,30.51
CVX,2019-05-01 09:34:53.912605,120.3,120.32
BAC,2019-05-01 09:34:53.984528,30.5,30.515
AAPL,2019-05-01 09:34:54.287539,200.5,200.5828
AAPL,2019-05-01 09:34:54.473957,200.4801,200.55
BAC,2019-05-01 09:34:54.583143,30.49,30.515
CVX,2019-05-01 09:34:54.845604,120.3,120.34
BAC,2019-05-01 09:34:55.148647,30.49,30.51
BAC,2019-05-01 09:34:55.194265,30.485,30.5098
CVX,2019-05-01 09:34:55.226194,120.28,120.3615
AAPL,2019-05-01 09:34:55.411909,200.48,200.56
CVX,2019-05-01 09:34:55.596804,120.32,120.37
AAPL,2019-05-01 09:34:56.036661,200.49,200.6
CVX,2019-05-01 09:34:56.086503,120.31,120.35
BAC,2019-05-01 09:34:56.176858,30.48,30.5
CVX,2019-05-01 09:34:56.428317,120.31,120.35
AAPL,2019-05-01 09:34:56.562027,200.4331,200.57
BAC,2019-05-01 09:34:56.562290,30.485,30.5
AAPL,2019-05-01 09:34:57.198527,200.29,200.5
BAC,2019-05-01 09:34:57.406202,30.48,30.5
CVX,2019-05-01 09:34:57.417009,120.27,120.3102
BAC,2019-05-01 09:34:57.530241,30.48,30.5
CVX,2019-05-01 09:34:57.690953,120.2573,120.31
AAPL,2019-05-01 09:34:57.719736,200.32,200.4
BAC,2019-05-01 09:34:58.099105,30.49,30.5051
AAPL,2019-05-01 09:34:58.120976,200.3067,200.44
CVX,2019-05-01 09:34:58.671221,120.22,120.3199
BAC,2019-05-01 09:34:58.794326,30.5,30.52
CVX,2019-05-01 09:34:58.983513,120.1703,120.26
AAPL,2019-05-01 09:34:59.080127,200.17,200.32
BAC,2019-05-01 09:34:59.281017,30.505,30.52
BAC,2019-05-01 09:34:59.391104,30.5,30.52
BAC,2019-05-01 09:34:59.735539,30.5001,30.52
CVX,2019-05-01 09:34:59.851051,120.2,120.24
AAPL,2019-05-01 09:34:59.992519,200.21,200.37
CVX,2019-05-01 09:35:00.022508,120.21,120.26
AAPL,2019-05-01 09:35:00.062344,200.29,200.46
CVX,2019-05-01 09:35:00.378079,120.19,120.26
BAC,2019-05-01 09:35:00.623986,30.495,30.52
AAPL,2019-05-01 09:35:00.697050,200.4,200.48
AAPL,2019-05-01 09:35:00.837532,200.42,200.58
CVX,2019-05-01 09:35:01.301987,120.17,120.2958
BAC,2019-05-01 09:35:01.330469,30.5,30.52
BAC,2019-05-01 09:35:01.333043,30.49,30.51
AAPL,2019-05-01 09:35:01.491142,200.46,200.61
BAC,2019-05-01 09:35:01.733920,30.5,30.51
AAPL,2019-05-01 09:35:01.795651,200.48,200.61
AAPL,2019-05-01 09:35:01.848343,200.47,200.6
BAC,2019-05-01 09:35:02.085281,30.51,30.53
CVX,2019-05-01 09:35:02.103141,120.2,120.3
AAPL,2019-05-01 09:35:02.311693,200.48,200.89
BAC,2019-05-01 09:35:02.447733,30.52,30.54
CVX,2019-05-01 09:35:02.517586,120.235,120.365
AAPL,2019-05-01 09:35:03.041295,200.65,200.84
BAC,2019-05-01 09:35:03.278857,30.52,30.53
CVX,2019-05-01 09:35:03.282160,120.26,120.38
BAC,2019-05-01 09:35:03.695743,30.515,30.53
BAC,2019-05-01 09:35:03.707564,30.51,30.54
AAPL,2019-05-01 09:35:03.863520,200.72,200.85
CVX,2019-05-01 09:35:03.909264,120.1,120.32
AAPL,2019-05-01 09:35:04.260795,200.715,200.78
AAPL,2019-05-01 09:35:04.283851,200.67,200.78
BAC,2019-05-01 09:35:04.596921,30.52,30.535
CVX,2019-05-01 09:35:04.740724,120.08,120.18
AAPL,2019-05-01 09:35:05.103858,200.65,200.83
CVX,2019-05-01 09:35:05.256634,120.15,120.27
BAC,2019-05-01 09:35:05.260231,30.52,30.54
CVX,2019-05-01 09:35:05.276045,120.24,120.37
AAPL,2019-05-01 09:35:05.298267,200.69,200.8
AAPL,2019-05-01 09:35:05.667454,200.64,200.76
BAC,2019-05-01 09:35:05.685459,30.525,30.55
BAC,2019-05-01 09:35:05.899409,30.51,30.535
AAPL,2019-05-01 09:35:05.977164,200.67,200.75
CVX,2019-05-01 09:35:06.129185,120.27,120.46
AAPL,2019-05-01 09:35:06.288265,200.6638,200.75
AAPL,2019-05-01 09:35:06.495462,200.5869,200.715
CVX,2019-05-01 09:35:06.638842,120.3,120.4571
BAC,2019-05-01 09:35:06.867111,30.5,30.53
AAPL,2019-05-01 09:35:07.040876,200.69,200.86
CVX,2019-05-01 09:35:07.058029,120.33,120.47
CVX,2019-05-01 09:35:07.317526,120.28,120.4
CVX,2019-05-01 09:35:07.530015,120.3,120.37
CVX,2019-05-01 09:35:07.639756,120.31,120.4052
BAC,2019-05-01 09:35:07.806758,30.52,30.55
BAC,2019-05-01 09:35:07.820993,30.54,30.55
AAPL,2019-05-01 09:35:07.852270,200.76,200.84
CVX,2019-05-01 09:35:07.989423,120.34,120.49
AAPL,2019-05-01 09:35:08.074025,200.78,200.87
BAC,2019-05-01 09:35:08.433529,30.5,30.53
BAC,2019-05-01 09:35:08.714091,30.5,30.51
CVX,2019-05-01 09:35:08.738626,120.43,120.53
AAPL,2019-05-01 09:35:08.855012,200.73,200.84
AAPL,2019-05-01 09:35:08.921920,200.72,200.834
CVX,2019-05-01 09:35:08.945188,120.52,120.6034
BAC,2019-05-01 09:35:09.195405,30.5,30.53
BAC,2019-05-01 09:35:09.224588,30.52,30.54
CVX,2019-05-01 09:35:09.541896,120.58,120.63
AAPL,2019-05-01 09:35:09.567874,200.68,200.83
BAC,2019-05-01 09:35:10.055805,30.52,30.545
BAC,2019-05-01 09:35:10.274458,30.525,30.545
CVX,2019-05-01 09:35:10.334028,120.56,120.63
CVX,2019-05-01 09:35:10.507930,120.51,120.56
AAPL,2019-05-01 09:35:10.536574,200.7,200.87
CVX,2019-05-01 09:35:11.050429,120.51,120.6399
CVX,2019-05-01 09:35:11.064366,120.55,120.59
BAC,2019-05-01 09:35:11.081967,30.52,30.56
AAPL,2019-05-01 09:35:11.405985,200.6684,200.83
BAC,2019-05-01 09:35:11.579545,30.55,30.56
CVX,2019-05-01 09:35:11.622719,120.5,120.62
AAPL,2019-05-01 09:35:11.882663,200.66,200.85
CVX,2019-05-01 09:35:12.217822,120.5,120.6
BAC,2019-05-01 09:35:12.407462,30.55,30.56
AAPL,2019-05-01 09:35:12.828880,200.72,200.81
CVX,2019-05-01 09:35:12.932292,120.54,120.61
AAPL,2019-05-01 09:35:13.254376,200.66,200.75
BAC,2019-05-01 09:35:13.388572,30.54,30.56
CVX,2019-05-01 09:35:13.642627,120.53,120.69
AAPL,2019-05-01 09:35:13.970149,200.59,200.7
CVX,2019-05-01 09:35:13.978527,120.61,120.68
BAC,2019-05-01 09:35:13.998948,30.525,30.55
CVX,2019-05-01 09:35:14.174072,120.61,120.69
AAPL,2019-05-01 09:35:14.186941,200.58,200.71
AAPL,2019-05-01 09:35:14.470213,200.605,200.7253
CVX,2019-05-01 09:35:14.881091,120.63,120.74
BAC,2019-05-01 09:35:14.939231,30.51,30.53
CVX,2019-05-01 09:35:15.208205,120.7,120.755
AAPL,2019-05-01 09:35:15.436152,200.6,200.75
AAPL,2019-05-01 09:35:15.554046,200.67,200.74
CVX,2019-05-01 09:35:15.707157,120.7299,120.82
BAC,2019-05-01 09:35:15.795848,30.5,30.52
AAPL,2019-05-01 09:35:16.178167,200.6001,200.7311
BAC,2019-05-01 09:35:16.704162,30.49,30.53
CVX,2019-05-01 09:35:16.705021,120.79,120.87
BAC,2019-05-01 09:35:16.811541,30.505,30.53
AAPL,2019-05-01 09:35:16.847346,200.5356,200.6499
CVX,2019-05-01 09:35:17.175563,120.69,120.83
CVX,2019-05-01 09:35:17.435454,120.7,120.779
BAC,2019-05-01 09:35:17.466567,30.495,30.52
AAPL,2019-05-01 09:35:17.820102,200.54,200.6
AAPL,2019-05-01 09:35:17.848437,200.51,200.6
BAC,2019-05-01 09:35:18.072527,30.47,30.5
AAPL,2019-05-01 09:35:18.098388,200.45,200.62
CVX,2019-05-01 09:35:18.236184,120.71,120.76
BAC,2019-05-01 09:35:18.549047,30.44,30.48
AAPL,2019-05-01 09:35:18.850964,200.4244,200.54
BAC,2019-05-01 09:35:18.929230,30.44,30.485
CVX,2019-05-01 09:35:18.955496,120.68,120.715
BAC,2019-05-01 09:35:19.169634,30.48,30.49
AAPL,2019-05-01 09:35:19.210338,200.33,200.46
CVX,2019-05-01 09:35:19.225758,120.7,120.8
CVX,2019-05-01 09:35:19.281040,120.79,120.8669
AAPL,2019-05-01 09:35:19.612660,200.36,200.39
BAC,2019-05-01 09:35:19.619092,30.48,30.5
CVX,2019-05-01 09:35:19.846179,120.79,120.87
AAPL,2019-05-01 09:35:20.168757,200.45,200.555
BAC,2019-05-01 09:35:20.295828,30.46,30.5
CVX,2019-05-01 09:35:20.326045,120.7,120.91
CVX,2019-05-01 09:35:20.807352,120.62,120.7
AAPL,2019-05-01 09:35:21.030211,200.52,200.61
BAC,2019-05-01 09:35:21.043876,30.44,30.47
BAC,2019-05-01 09:35:21.055162,30.45,30.49
CVX,2019-05-01 09:35:21.513296,120.61,120.73
BAC,2019-05-01 09:35:21.514385,30.47,30.49
AAPL,2019-05-01 09:35:21.698872,200.5159,200.63
BAC,2019-05-01 09:35:22.247612,30.48,30.4983
AAPL,2019-05-01 09:35:22.264282,200.58,200.62
CVX,2019-05-01 09:35:22.442092,120.61,120.69
BAC,2019-05-01 09:35:22.738326,30.48,30.505
AAPL,2019-05-01 09:35:22.746592,200.415,200.58
CVX,2019-05-01 09:35:22.901849,120.6,120.67
AAPL,2019-05-01 09:35:23.176225,200.41,200.48
BAC,2019-05-01 09:35:23.676916,30.45,30.5
AAPL,2019-05-01 09:35:23.686263,200.4,200.49
CVX,2019-05-01 09:35:23.798653,120.58,120.76
BAC,2019-05-01 09:35:24.225100,30.43,30.46
CVX,2019-05-01 09:35:24.316006,120.67,120.8638
AAPL,2019-05-01 09:35:24.357104,200.4,200.65
CVX,2019-05-01 09:35:24.543103,120.74,120.845
BAC,2019-05-01 09:35:24.830274,30.435,30.46
AAPL,2019-05-01 09:35:25.028739,200.56,200.65
BAC,2019-05-01 09:35:25.080619,30.44,30.465
CVX,2019-05-01 09:35:25.257010,120.81,120.95
BAC,2019-05-01 09:35:25.364106,30.455,30.49
CVX,2019-05-01 09:35:25.873635,120.88,121.02
AAPL,2019-05-01 09:35:25.911553,200.6,200.7007
BAC,2019-05-01 09:35:26.283716,30.46,30.48
BAC,2019-05-01 09:35:26.332042,30.46,30.49
CVX,2019-05-01 09:35:26.634657,120.93,121.04
BAC,2019-05-01 09:35:26.790915,30.455,30.49
AAPL,2019-05-01 09:35:26.843894,200.6,200.73
CVX,2019-05-01 09:35:27.038653,120.86,120.99
AAPL,2019-05-01 09:35:27.136036,200.56,200.6
CVX,2019-05-01 09:35:27.151188,120.98,121.06
BAC,2019-05-01 09:35:27.247857,30.45,30.485
AAPL,2019-05-01 09:35:27.512683,200.55,200.67
AAPL,2019-05-01 09:35:27.746405,200.55,200.77
CVX,2019-05-01 09:35:27.793528,120.87,121.07
BAC,2019-05-01 09:35:27.934812,30.47,30.505
CVX,2019-05-01 09:35:28.213767,120.87,121.0798
BAC,2019-05-01 09:35:28.315534,30.46,30.51
AAPL,2019-05-01 09:35:28.628588,200.56,200.67
CVX,2019-05-01 09:35:28.694992,121.0,121.17
AAPL,2019-05-01 09:35:28.813259,200.29,200.7
AAPL,2019-05-01 09:35:28.883000,200.24,200.3466
AAPL,2019-05-01 09:35:28.884048,200.21,200.42
AAPL,2019-05-01 09:35:29.104591,200.2699,200.39
CVX,2019-05-01 09:35:29.204349,121.08,121.165
BAC,2019-05-01 09:35:29.272715,30.45,30.48
CVX,2019-05-01 09:35:29.330215,121.0,121.19
BAC,2019-05-01 09:35:29.619025,30.47,30.5
CVX,2019-05-01 09:35:30.020237,121.1,121.21
AAPL,2019-05-01 09:35:30.023427,200.15,200.34
AAPL,2019-05-01 09:35:30.221792,200.0501,200.25
BAC,2019-05-01 09:35:30.481755,30.48,30.5
AAPL,2019-05-01 09:35:30.618446,200.01,200.13
BAC,2019-05-01 09:35:30.740490,30.49,30.53
CVX,2019-05-01 09:35:30.853369,121.15,121.25
BAC,2019-05-01 09:35:30.867324,30.48,30.54
AAPL,2019-05-01 09:35:30.929582,200.01,200.17
CVX,2019-05-01 09:35:31.116980,121.22,121.28
CVX,2019-05-01 09:35:31.491490,121.21,121.29
AAPL,2019-05-01 09:35:31.680107,200.0,200.1
BAC,2019-05-01 09:35:31.762026,30.47,30.5
CVX,2019-05-01 09:35:32.222390,121.3,121.4
CVX,2019-05-01 09:35:32.301977,121.28,121.4
BAC,2019-05-01 09:35:32.479282,30.46,30.48
AAPL,2019-05-01 09:35:32.649504,200.09,200.17
BAC,2019-05-01 09:35:33.039981,30.44,30.47
CVX,2019-05-01 09:35:33.180091,121.33,121.3817
AAPL,2019-05-01 09:35:33.593340,200.15,200.25
BAC,2019-05-01 09:35:33.757091,30.45,30.485
AAPL,2019-05-01 09:35:33.961829,200.06,200.28
CVX,2019-05-01 09:35:34.026439,121.34,121.44
AAPL,2019-05-01 09:35:34.610422,200.02,200.15
BAC,2019-05-01 09:35:34.654037,30.45,30.5
CVX,2019-05-01 09:35:34.760833,121.43,121.49
CVX,2019-05-01 09:35:34.844381,121.44,121.5
AAPL,2019-05-01 09:35:35.076852,199.79,200.14
AAPL,2019-05-01 09:35:35.170158,199.7,199.87
CVX,2019-05-01 09:35:35.274098,121.435,121.525
CVX,2019-05-01 09:35:35.279772,121.49,121.59
AAPL,2019-05-01 09:35:35.331470,199.81,199.95
BAC,2019-05-01 09:35:35.368612,30.48,30.5
AAPL,2019-05-01 09:35:36.182950,199.7899,199.9
CVX,2019-05-01 09:35:36.267204,121.5,121.54
BAC,2019-05-01 09:35:36.325524,30.4707,30.49
AAPL,2019-05-01 09:35:36.424501,199.81,199.93
BAC,2019-05-01 09:35:37.033524,30.45,30.4876
AAPL,2019-05-01 09:35:37.197397,199.77,199.95
CVX,2019-05-01 09:35:37.206440,121.5,121.555
AAPL,2019-05-01 09:35:37.469531,199.81,200.07
BAC,2019-05-01 09:35:37.515241,30.42,30.48
CVX,2019-05-01 09:35:37.781858,121.36,121.57
AAPL,2019-05-01 09:35:37.896101,199.68,199.95
CVX,2019-05-01 09:35:37.960246,121.33,121.525
BAC,2019-05-01 09:35:38.039758,30.42,30.445
AAPL,2019-05-01 09:35:38.546600,199.67,199.91
AAPL,2019-05-01 09:35:38.574953,199.5501,199.72
CVX,2019-05-01 09:35:38.606934,121.34,121.395
BAC,2019-05-01 09:35:38.866194,30.42,30.45
BAC,2019-05-01 09:35:38.915567,30.45,30.48
CVX,2019-05-01 09:35:38.920623,121.2701,121.39
AAPL,2019-05-01 09:35:39.447821,199.67,199.93
CVX,2019-05-01 09:35:39.670009,121.22,121.27
BAC,2019-05-01 09:35:39.725686,30.43,30.48
AAPL,2019-05-01 09:35:40.014147,199.7922,199.9199
BAC,2019-05-01 09:35:40.221016,30.4133,30.44
AAPL,2019-05-01 09:35:40.418469,199.72,199.9
BAC,2019-05-01 09:35:40.507892,30.41,30.456999999999997
AAPL,2019-05-01 09:35:40.521399,199.73,199.96
CVX,2019-05-01 09:35:40.533318,121.23,121.28
BAC,2019-05-01 09:35:41.009098,30.45,30.48
BAC,2019-05-01 09:35:41.151258,30.47,30.5
CVX,2019-05-01 09:35:41.159322,121.18,121.24
AAPL,2019-05-01 09:35:41.461452,199.81,200.0
CVX,2019-05-01 09:35:41.755224,121.12,121.2107
AAPL,2019-05-01 09:35:41.777712,199.87,199.97
CVX,2019-05-01 09:35:41.782137,121.13,121.24
BAC,2019-05-01 09:35:42.054892,30.465,30.49
CVX,2019-05-01 09:35:42.603268,121.13,121.2
AAPL,2019-05-01 09:35:42.713348,199.83,199.96
BAC,2019-05-01 09:35:42.753417,30.45,30.47
CVX,2019-05-01 09:35:42.879988,121.17,121.25
AAPL,2019-05-01 09:35:43.018714,199.74,199.88
AAPL,2019-05-01 09:35:43.265863,199.7,200.0
BAC,2019-05-01 09:35:43.281192,30.46,30.51
CVX,2019-05-01 09:35:43.548766,121.06,121.16
BAC,2019-05-01 09:35:43.757714,30.51,30.53
AAPL,2019-05-01 09:35:43.959046,199.56,199.88
BAC,2019-05-01 09:35:44.341919,30.52,30.56
CVX,2019-05-01 09:35:44.366527,121.08,121.1571
CVX,2019-05-01 09:35:44.393891,121.02,121.11
CVX,2019-05-01 09:35:44.405375,121.09,121.21
AAPL,2019-05-01 09:35:44.541649,199.62,199.75
BAC,2019-05-01 09:35:45.038813,30.54,30.59
AAPL,2019-05-01 09:35:45.083734,199.49,199.7
CVX,2019-05-01 09:35:45.248255,121.07,121.2
BAC,2019-05-01 09:35:45.251243,30.59,30.615
AAPL,2019-05-01 09:35:45.529518,199.11,199.57
CVX,2019-05-01 09:35:45.712879,121.115,121.2
BAC,2019-05-01 09:35:45.817682,30.6,30.61
CVX,2019-05-01 09:35:46.106533,121.065,121.21
AAPL,2019-05-01 09:35:46.257401,199.15,199.57
CVX,2019-05-01 09:35:46.292965,120.985,121.07
BAC,2019-05-01 09:35:46.509174,30.6,30.63
CVX,2019-05-01 09:35:46.589614,121.0,121.14
AAPL,2019-05-01 09:35:46.804055,199.42,199.62
AAPL,2019-05-01 09:35:46.858326,199.42,199.7
CVX,2019-05-01 09:35:47.172230,120.99,121.12
BAC,2019-05-01 09:35:47.259787,30.625,30.64
CVX,2019-05-01 09:35:47.281707,121.04,121.1
AAPL,2019-05-01 09:35:47.746151,199.28,199.7
BAC,2019-05-01 09:35:47.918264,30.61,30.6301
CVX,2019-05-01 09:35:47.970339,121.07,121.23
CVX,2019-05-01 09:35:48.220144,121.14,121.24
CVX,2019-05-01 09:35:48.452902,121.13,121.26
CVX,2019-05-01 09:35:48.623208,121.07,121.1621
AAPL,2019-05-01 09:35:48.694689,199.36,199.7
BAC,2019-05-01 09:35:48.747575,30.6,30.62
CVX,2019-05-01 09:35:48.804837,121.08,121.27
AAPL,2019-05-01 09:35:48.861392,199.26,199.6
CVX,2019-05-01 09:35:49.134420,121.26,121.36
AAPL,2019-05-01 09:35:49.243943,199.26,200.28
BAC,2019-05-01 09:35:49.623194,30.6005,30.62
AAPL,2019-05-01 09:35:49.791540,200.2,200.35
CVX,2019-05-01 09:35:49.949134,121.27,121.37
BAC,2019-05-01 09:35:50.215050,30.5946,30.61
CVX,2019-05-01 09:35:50.228257,121.27,121.37
AAPL,2019-05-01 09:35:50.601096,200.32,200.41
CVX,2019-05-01 09:35:50.752585,121.34,121.4
BAC,2019-05-01 09:35:50.785611,30.595,30.62
AAPL,2019-05-01 09:35:51.541719,200.26,200.47
BAC,2019-05-01 09:35:51.618631,30.61,30.62
CVX,2019-05-01 09:35:51.697120,121.26,121.38
BAC,2019-05-01 09:35:51.827242,30.61,30.6268
AAPL,2019-05-01 09:35:51.949516,200.1703,200.33
BAC,2019-05-01 09:35:52.025468,30.62,30.645
BAC,2019-05-01 09:35:52.284542,30.635,30.66
CVX,2019-05-01 09:35:52.417008,121.21,121.27
AAPL,2019-05-01 09:35:52.610371,200.28,200.47
BAC,2019-05-01 09:35:52.861941,30.63,30.6554
AAPL,2019-05-01 09:35:52.925229,200.45,200.52
CVX,2019-05-01 09:35:53.305935,121.14,121.2599
AAPL,2019-05-01 09:35:53.501230,200.49,200.66
BAC,2019-05-01 09:35:53.827250,30.63,30.645
BAC,2019-05-01 09:35:53.893004,30.64,30.675
BAC,2019-05-01 09:35:53.999599,30.63,30.68
BAC,2019-05-01 09:35:54.200151,30.63,30.65
CVX,2019-05-01 09:35:54.212605,121.17,121.23
BAC,2019-05-01 09:35:54.316177,30.61,30.64
AAPL,2019-05-01 09:35:54.332536,200.59,200.65200000000002
CVX,2019-05-01 09:35:54.562421,121.05,121.17
BAC,2019-05-01 09:35:54.859981,30.62,30.6573
CVX,2019-05-01 09:35:55.153439,121.0,121.13
AAPL,2019-05-01 09:35:55.168526,200.61,200.76
CVX,2019-05-01 09:35:55.661878,121.0,121.0895
BAC,2019-05-01 09:35:55.815737,30.65,30.71
AAPL,2019-05-01 09:35:55.926625,200.74,200.88
AAPL,2019-05-01 09:35:55.962380,200.86,201.06
CVX,2019-05-01 09:35:56.603724,121.01,121.18
AAPL,2019-05-01 09:35:56.663201,201.01,201.14
BAC,2019-05-01 09:35:56.785203,30.7031,30.71
AAPL,2019-05-01 09:35:57.170370,200.95,201.1
CVX,2019-05-01 09:35:57.400101,121.08,121.18
BAC,2019-05-01 09:35:57.685663,30.69,30.71
CVX,2019-05-01 09:35:57.700310,121.0,121.09
BAC,2019-05-01 09:35:57.841559,30.6801,30.72
AAPL,2019-05-01 09:35:58.077525,200.73,200.98
CVX,2019-05-01 09:35:58.466032,121.03,121.09
BAC,2019-05-01 09:35:58.555838,30.68,30.705
BAC,2019-05-01 09:35:58.858008,30.7,30.745
AAPL,2019-05-01 09:35:58.877178,200.93,201.02
AAPL,2019-05-01 09:35:59.000707,200.95,201.03
CVX,2019-05-01 09:35:59.100797,121.04,121.13
CVX,2019-05-01 09:35:59.358340,121.08,121.19
BAC,2019-05-01 09:35:59.800426,30.725,30.75
AAPL,2019-05-01 09:35:59.802380,200.86,200.99
CVX,2019-05-01 09:36:00.060169,121.01,121.09
AAPL,2019-05-01 09:36:00.181417,200.9,201.06
AAPL,2019-05-01 09:36:00.276462,200.98,201.1
CVX,2019-05-01 09:36:00.304890,120.98,121.11
BAC,2019-05-01 09:36:00.464322,30.71,30.73
AAPL,2019-05-01 09:36:00.945076,200.95,201.1212
BAC,2019-05-01 09:36:01.029969,30.7,30.72
BAC,2019-05-01 09:36:01.129531,30.69,30.71
CVX,2019-05-01 09:36:01.272729,121.07,121.31
AAPL,2019-05-01 09:36:01.294009,201.03,201.1408
AAPL,2019-05-01 09:36:01.308029,201.04,201.19
BAC,2019-05-01 09:36:01.871855,30.68,30.7
BAC,2019-05-01 09:36:01.892935,30.68,30.69
CVX,2019-05-01 09:36:02.055054,121.28,121.52
AAPL,2019-05-01 09:36:02.232027,201.01,201.21
BAC,2019-05-01 09:36:02.815015,30.66,30.69
AAPL,2019-05-01 09:36:02.828969,200.955,201.14
CVX,2019-05-01 09:36:03.007948,121.48,121.55
BAC,2019-05-01 09:36:03.530198,30.66,30.68
AAPL,2019-05-01 09:36:03.700646,200.98,201.13
CVX,2019-05-01 09:36:03.842324,121.49,121.6
BAC,2019-05-01 09:36:03.907913,30.665,30.68
BAC,2019-05-01 09:36:04.118949,30.653000000000002,30.67
AAPL,2019-05-01 09:36:04.420294,201.08,201.2
BAC,2019-05-01 09:36:04.543879,30.65,30.68
CVX,2019-05-01 09:36:04.543987,121.43,121.59
CVX,2019-05-01 09:36:04.662253,121.48,121.6
CVX,2019-05-01 09:36:04.857932,121.49,121.62
BAC,2019-05-01 09:36:05.117558,30.615,30.66
AAPL,2019-05-01 09:36:05.333310,201.0,201.13
BAC,2019-05-01 09:36:05.569678,30.605,30.62
CVX,2019-05-01 09:36:05.716601,121.54,121.62
AAPL,2019-05-01 09:36:06.263370,201.0,201.18
BAC,2019-05-01 09:36:06.418608,30.6,30.6296
AAPL,2019-05-01 09:36:06.428223,201.02,201.17
CVX,2019-05-01 09:36:06.435008,121.45,121.581
BAC,2019-05-01 09:36:06.443817,30.6,30.64
BAC,2019-05-01 09:36:07.108740,30.57,30.635
CVX,2019-05-01 09:36:07.143062,121.441,121.52
BAC,2019-05-01 09:36:07.186691,30.56,30.58
AAPL,2019-05-01 09:36:07.386101,201.06,201.16
AAPL,2019-05-01 09:36:07.782578,200.79,201.18
BAC,2019-05-01 09:36:08.003646,30.55,30.58
CVX,2019-05-01 09:36:08.119893,121.33,121.5
AAPL,2019-05-01 09:36:08.122323,200.77,201.17
BAC,2019-05-01 09:36:08.367089,30.55,30.57
BAC,2019-05-01 09:36:08.623897,30.56,30.59
AAPL,2019-05-01 09:36:08.701643,201.1266,201.24
AAPL,2019-05-01 09:36:08.895435,201.11,201.19
CVX,2019-05-01 09:36:08.959611,121.43,121.5
BAC,2019-05-01 09:36:08.975383,30.56,30.59
BAC,2019-05-01 09:36:09.188922,30.58,30.61
AAPL,2019-05-01 09:36:09.233602,201.11,201.32
BAC,2019-05-01 09:36:09.375905,30.6,30.62
BAC,2019-05-01 09:36:09.585314,30.6,30.625
CVX,2019-05-01 09:36:09.597500,121.42,121.53
BAC,2019-05-01 09:36:09.758039,30.61,30.63
CVX,2019-05-01 09:36:10.094228,121.44,121.5195
AAPL,2019-05-01 09:36:10.122594,201.12,201.29
BAC,2019-05-01 09:36:10.423611,30.6,30.625
CVX,2019-05-01 09:36:10.525709,121.45,121.55
AAPL,2019-05-01 09:36:10.676820,201.03,201.29
CVX,2019-05-01 09:36:11.131080,121.36,121.47
BAC,2019-05-01 09:36:11.261532,30.61,30.65
CVX,2019-05-01 09:36:11.550961,121.37,121.48
AAPL,2019-05-01 09:36:11.608213,200.89,201.18
BAC,2019-05-01 09:36:11.849308,30.62,30.64
AAPL,2019-05-01 09:36:12.416552,200.79,200.95
CVX,2019-05-01 09:36:12.433232,121.3,121.45
BAC,2019-05-01 09:36:12.599324,30.59,30.63
CVX,2019-05-01 09:36:12.735599,121.226,121.3
BAC,2019-05-01 09:36:13.190355,30.585,30.61
CVX,2019-05-01 09:36:13.315561,121.16,121.25
AAPL,2019-05-01 09:36:13.390919,200.71,200.82
AAPL,2019-05-01 09:36:13.462149,200.69,200.85
AAPL,2019-05-01 09:36:13.805208,200.72,200.89
AAPL,2019-05-01 09:36:14.023224,200.71,200.85
BAC,2019-05-01 09:36:14.035658,30.57,30.6
BAC,2019-05-01 09:36:14.044575,30.58,30.61
CVX,2019-05-01 09:36:14.121669,121.15,121.2
BAC,2019-05-01 09:36:14.381609,30.59,30.64
BAC,2019-05-01 09:36:14.430416,30.63,30.67
CVX,2019-05-01 09:36:14.673065,120.99,121.165
AAPL,2019-05-01 09:36:14.856676,200.62,200.82
AAPL,2019-05-01 09:36:15.272388,200.56,200.8235
BAC,2019-05-01 09:36:15.307127,30.62,30.67
CVX,2019-05-01 09:36:15.519160,121.0,121.24
AAPL,2019-05-01 09:36:15.752298,200.76,201.03
BAC,2019-05-01 09:36:15.843598,30.65,30.67
CVX,2019-05-01 09:36:16.201031,121.2,121.25
CVX,2019-05-01 09:36:16.225416,121.16,121.26
CVX,2019-05-01 09:36:16.302014,121.2,121.29
BAC,2019-05-01 09:36:16.408756,30.65,30.68
AAPL,2019-05-01 09:36:16.691035,200.82,201.02900000000002
AAPL,2019-05-01 09:36:16.752080,200.55,201.04
AAPL,2019-05-01 09:36:17.068721,200.47,200.6
BAC,2019-05-01 09:36:17.113878,30.65,30.67
BAC,2019-05-01 09:36:17.173741,30.64,30.66
CVX,2019-05-01 09:36:17.272994,121.21,121.3
AAPL,2019-05-01 09:36:17.676130,200.52,200.68
CVX,2019-05-01 09:36:17.689384,121.14,121.34
BAC,2019-05-01 09:36:17.907461,30.64,30.66
CVX,2019-05-01 09:36:18.162614,120.945,121.18
BAC,2019-05-01 09:36:18.198718,30.6337,30.66
CVX,2019-05-01 09:36:18.302606,120.79,121.06
AAPL,2019-05-01 09:36:18.486815,200.65,200.76
BAC,2019-05-01 09:36:18.526632,30.635,30.67
BAC,2019-05-01 09:36:19.123022,30.645,30.68
CVX,2019-05-01 09:36:19.270497,120.93,121.1
AAPL,2019-05-01 09:36:19.479558,200.65,200.85
AAPL,2019-05-01 09:36:19.495942,200.61,200.8
AAPL,2019-05-01 09:36:19.587030,200.65,200.84
BAC,2019-05-01 09:36:19.660215,30.62,30.69
CVX,2019-05-01 09:36:19.852398,121.08,121.28
AAPL,2019-05-01 09:36:20.205916,200.67,200.86
BAC,2019-05-01 09:36:20.576705,30.6101,30.65
AAPL,2019-05-01 09:36:20.700271,200.69,200.96
