symbol,timestamp,price,size
AAPL,2019-05-01 09:30:00.578802,210.52,780
AAPL,2019-05-01 09:30:00.580485,210.81,390
BAC,2019-05-01 09:30:00.629205,30.25,510
CVX,2019-05-01 09:30:00.944122,117.8,5860
AAPL,2019-05-01 09:30:01.002405,211.13,320
AAPL,2019-05-01 09:30:01.066917,211.1186,310
AAPL,2019-05-01 09:30:01.118968,211.0,730
BAC,2019-05-01 09:30:01.186416,30.245,380
CVX,2019-05-01 09:30:01.639577,118.255,2880
BAC,2019-05-01 09:30:01.867638,30.245,260
AAPL,2019-05-01 09:30:02.065535,211.18,260
BAC,2019-05-01 09:30:02.118224,30.26,300
CVX,2019-05-01 09:30:02.260710,118.31,1450
BAC,2019-05-01 09:30:02.379882,30.265,300
AAPL,2019-05-01 09:30:02.422211,211.33,270
CVX,2019-05-01 09:30:02.439735,118.29,760
CVX,2019-05-01 09:30:02.869668,118.27,980
BAC,2019-05-01 09:30:02.987527,30.235,220
AAPL,2019-05-01 09:30:03.057945,211.4425,300
CVX,2019-05-01 09:30:03.363338,118.51,990
BAC,2019-05-01 09:30:03.541989,30.2401,230
BAC,2019-05-01 09:30:03.571166,30.2601,120
AAPL,2019-05-01 09:30:03.867696,211.58,310
CVX,2019-05-01 09:30:04.080523,118.475,990
BAC,2019-05-01 09:30:04.135929,30.265,180
CVX,2019-05-01 09:30:04.185916,118.4262,370
AAPL,2019-05-01 09:30:04.470100,211.85,210
CVX,2019-05-01 09:30:04.701658,118.47,670
CVX,2019-05-01 09:30:04.747122,118.44,860
AAPL,2019-05-01 09:30:04.905546,211.93,180
BAC,2019-05-01 09:30:04.962647,30.255,310
AAPL,2019-05-01 09:30:05.123186,212.06,220
CVX,2019-05-01 09:30:05.316192,118.56,350
BAC,2019-05-01 09:30:05.397647,30.275,120
BAC,2019-05-01 09:30:05.472636,30.31,160
AAPL,2019-05-01 09:30:05.580852,211.877,300
AAPL,2019-05-01 09:30:05.609494,212.2,220
AAPL,2019-05-01 09:30:05.713703,212.44,160
BAC,2019-05-01 09:30:05.837579,30.3139,140
AAPL,2019-05-01 09:30:05.989375,212.77,190
CVX,2019-05-01 09:30:06.074326,118.53,370
BAC,2019-05-01 09:30:06.288772,30.335,170
CVX,2019-05-01 09:30:06.809783,118.6,300
AAPL,2019-05-01 09:30:06.821482,212.59,150
CVX,2019-05-01 09:30:07.059935,118.67,270
BAC,2019-05-01 09:30:07.138748,30.34,260
AAPL,2019-05-01 09:30:07.469546,212.67,200
CVX,2019-05-01 09:30:07.584673,118.71,1080
AAPL,2019-05-01 09:30:07.687097,212.43,520
BAC,2019-05-01 09:30:07.706372,30.405,110
AAPL,2019-05-01 09:30:08.027324,212.64,140
CVX,2019-05-01 09:30:08.313758,118.715,180
CVX,2019-05-01 09:30:08.659592,118.7685,170
BAC,2019-05-01 09:30:08.703452,30.405,100
BAC,2019-05-01 09:30:08.739327,30.4,320
AAPL,2019-05-01 09:30:08.948765,212.8897,130
CVX,2019-05-01 09:30:08.963673,118.755,130
CVX,2019-05-01 09:30:09.249808,118.77,190
BAC,2019-05-01 09:30:09.265989,30.41,80
AAPL,2019-05-01 09:30:09.641764,212.9655,220
CVX,2019-05-01 09:30:09.829782,118.72,210
BAC,2019-05-01 09:30:10.105841,30.4,160
AAPL,2019-05-01 09:30:10.335532,213.02,160
CVX,2019-05-01 09:30:10.464087,118.82,90
BAC,2019-05-01 09:30:10.892135,30.415,150
AAPL,2019-05-01 09:30:11.041190,212.97,220
AAPL,2019-05-01 09:30:11.117617,213.0,170
CVX,2019-05-01 09:30:11.451921,118.8332,130
AAPL,2019-05-01 09:30:11.469356,212.75,200
AAPL,2019-05-01 09:30:11.507593,212.77,200
CVX,2019-05-01 09:30:11.523026,118.95,140
BAC,2019-05-01 09:30:11.592004,30.425,100
AAPL,2019-05-01 09:30:11.604955,212.79,350
CVX,2019-05-01 09:30:11.808104,118.84,130
AAPL,2019-05-01 09:30:11.920792,213.13,230
CVX,2019-05-01 09:30:12.204193,118.915,90
AAPL,2019-05-01 09:30:12.348551,213.31,230
CVX,2019-05-01 09:30:12.471736,118.91,180
BAC,2019-05-01 09:30:12.539687,30.47,70
BAC,2019-05-01 09:30:12.626601,30.46,110
BAC,2019-05-01 09:30:12.810375,30.49,190
AAPL,2019-05-01 09:30:12.853759,213.7442,90
CVX,2019-05-01 09:30:13.464286,118.95,260
AAPL,2019-05-01 09:30:13.743680,213.88,70
BAC,2019-05-01 09:30:13.744877,30.475,330
BAC,2019-05-01 09:30:14.001869,30.525,160
AAPL,2019-05-01 09:30:14.059516,214.08,100
CVX,2019-05-01 09:30:14.167377,118.97,140
BAC,2019-05-01 09:30:14.352338,30.5499,150
BAC,2019-05-01 09:30:14.468446,30.535,100
CVX,2019-05-01 09:30:14.539792,118.955,90
CVX,2019-05-01 09:30:14.545601,119.04,220
AAPL,2019-05-01 09:30:14.673522,214.02,150
CVX,2019-05-01 09:30:14.837286,118.99,70
CVX,2019-05-01 09:30:15.033130,119.02,60
AAPL,2019-05-01 09:30:15.325234,213.82,130
BAC,2019-05-01 09:30:15.391090,30.55,210
CVX,2019-05-01 09:30:15.733066,118.99,80
BAC,2019-05-01 09:30:15.900036,30.585,140
CVX,2019-05-01 09:30:16.139287,118.98,90
AAPL,2019-05-01 09:30:16.156450,214.1001,90
BAC,2019-05-01 09:30:16.448959,30.585,120
BAC,2019-05-01 09:30:16.716183,30.6089,210
AAPL,2019-05-01 09:30:16.777848,214.33,90
AAPL,2019-05-01 09:30:16.826022,214.49,50
CVX,2019-05-01 09:30:16.834582,118.9,130
BAC,2019-05-01 09:30:16.984802,30.595,160
BAC,2019-05-01 09:30:17.145344,30.58,60
CVX,2019-05-01 09:30:17.403876,118.9,320
AAPL,2019-05-01 09:30:17.428118,214.5274,90
CVX,2019-05-01 09:30:17.437323,118.98,330
BAC,2019-05-01 09:30:18.022546,30.5834,290
BAC,2019-05-01 09:30:18.238394,30.6033,160
AAPL,2019-05-01 09:30:18.327148,214.66,90
CVX,2019-05-01 09:30:18.390277,119.01,230
CVX,2019-05-01 09:30:18.894369,119.03,150
BAC,2019-05-01 09:30:19.025301,30.635,110
AAPL,2019-05-01 09:30:19.326381,214.6488,80
BAC,2019-05-01 09:30:19.428064,30.635,70
BAC,2019-05-01 09:30:19.623917,30.64,130
CVX,2019-05-01 09:30:19.795592,119.07,100
CVX,2019-05-01 09:30:19.953534,119.125,50
AAPL,2019-05-01 09:30:20.225858,214.57,80
BAC,2019-05-01 09:30:20.614404,30.65,250
CVX,2019-05-01 09:30:20.834788,119.1,110
AAPL,2019-05-01 09:30:21.011216,214.53,120
BAC,2019-05-01 09:30:21.046629,30.65,210
AAPL,2019-05-01 09:30:21.158585,214.6,110
BAC,2019-05-01 09:30:21.385248,30.655,110
AAPL,2019-05-01 09:30:21.541205,214.4,80
CVX,2019-05-01 09:30:21.733827,119.05,80
BAC,2019-05-01 09:30:21.743728,30.6401,70
AAPL,2019-05-01 09:30:21.933943,214.475,110
CVX,2019-05-01 09:30:22.171095,119.16,50
AAPL,2019-05-01 09:30:22.244193,214.4,70
AAPL,2019-05-01 09:30:22.436994,214.25,70
BAC,2019-05-01 09:30:22.553616,30.64,110
CVX,2019-05-01 09:30:22.652640,119.105,200
BAC,2019-05-01 09:30:22.727451,30.6425,340
CVX,2019-05-01 09:30:22.950606,119.11,90
CVX,2019-05-01 09:30:23.205337,119.0969,170
BAC,2019-05-01 09:30:23.363348,30.64,220
AAPL,2019-05-01 09:30:23.380585,214.13,90
AAPL,2019-05-01 09:30:23.402992,214.03,70
BAC,2019-05-01 09:30:23.580155,30.645,150
AAPL,2019-05-01 09:30:23.798556,213.89,70
CVX,2019-05-01 09:30:23.864349,119.12,160
BAC,2019-05-01 09:30:24.139223,30.63,100
AAPL,2019-05-01 09:30:24.270439,214.09,60
BAC,2019-05-01 09:30:24.557425,30.63,110
CVX,2019-05-01 09:30:24.745031,119.07,60
AAPL,2019-05-01 09:30:25.041193,213.86,60
BAC,2019-05-01 09:30:25.293407,30.615,130
CVX,2019-05-01 09:30:25.686681,119.11,180
AAPL,2019-05-01 09:30:25.889016,213.82,60
BAC,2019-05-01 09:30:26.120009,30.65,60
CVX,2019-05-01 09:30:26.244096,119.08,60
CVX,2019-05-01 09:30:26.706106,119.1,100
BAC,2019-05-01 09:30:26.723692,30.63,70
AAPL,2019-05-01 09:30:26.821381,213.9,90
AAPL,2019-05-01 09:30:27.239875,213.95,120
CVX,2019-05-01 09:30:27.273142,119.18,240
CVX,2019-05-01 09:30:27.505337,119.085,170
CVX,2019-05-01 09:30:27.543898,119.125,150
AAPL,2019-05-01 09:30:27.601623,213.81,120
BAC,2019-05-01 09:30:27.696578,30.625,170
AAPL,2019-05-01 09:30:27.791564,214.2,70
BAC,2019-05-01 09:30:27.906633,30.625,270
CVX,2019-05-01 09:30:28.024942,119.11,540
AAPL,2019-05-01 09:30:28.169951,214.3806,80
CVX,2019-05-01 09:30:28.280333,119.08,210
BAC,2019-05-01 09:30:28.739238,30.605,240
AAPL,2019-05-01 09:30:28.791818,214.27,60
CVX,2019-05-01 09:30:29.113140,119.125,920
AAPL,2019-05-01 09:30:29.341644,214.14,80
BAC,2019-05-01 09:30:29.427006,30.59,370
BAC,2019-05-01 09:30:29.576979,30.5941,170
CVX,2019-05-01 09:30:29.666647,119.13,260
AAPL,2019-05-01 09:30:30.261808,214.13,60
CVX,2019-05-01 09:30:30.456696,119.2,270
AAPL,2019-05-01 09:30:30.472916,214.05,40
BAC,2019-05-01 09:30:30.534832,30.585,170
AAPL,2019-05-01 09:30:30.648973,214.13,70
CVX,2019-05-01 09:30:31.041074,119.09,170
CVX,2019-05-01 09:30:31.380952,119.16,290
AAPL,2019-05-01 09:30:31.453116,214.07,70
BAC,2019-05-01 09:30:31.475156,30.59,200
CVX,2019-05-01 09:30:31.569640,119.045,370
BAC,2019-05-01 09:30:31.738968,30.575,170
BAC,2019-05-01 09:30:31.740777,30.57,110
CVX,2019-05-01 09:30:32.073279,119.1425,440
AAPL,2019-05-01 09:30:32.247413,214.23,60
BAC,2019-05-01 09:30:32.395904,30.565,110
AAPL,2019-05-01 09:30:32.425450,214.2,80
CVX,2019-05-01 09:30:32.828699,119.02,220
AAPL,2019-05-01 09:30:32.845310,213.89,70
BAC,2019-05-01 09:30:33.082568,30.5779,120
CVX,2019-05-01 09:30:33.134274,118.98,100
AAPL,2019-05-01 09:30:33.567694,213.77,90
BAC,2019-05-01 09:30:33.630086,30.585,160
CVX,2019-05-01 09:30:33.694655,119.0,90
BAC,2019-05-01 09:30:33.828369,30.64,460
BAC,2019-05-01 09:30:34.066248,30.57,280
CVX,2019-05-01 09:30:34.111005,118.87,100
AAPL,2019-05-01 09:30:34.223678,213.96,150
AAPL,2019-05-01 09:30:34.586342,213.74,70
BAC,2019-05-01 09:30:34.800331,30.525,90
CVX,2019-05-01 09:30:35.100377,118.82,100
CVX,2019-05-01 09:30:35.369216,118.93,250
AAPL,2019-05-01 09:30:35.434432,213.9697,70
BAC,2019-05-01 09:30:35.563913,30.53,80
CVX,2019-05-01 09:30:35.601705,118.84,110
AAPL,2019-05-01 09:30:35.803036,214.01,60
BAC,2019-05-01 09:30:35.878896,30.58,190
CVX,2019-05-01 09:30:36.099814,118.86200000000001,470
BAC,2019-05-01 09:30:36.201471,30.56,160
BAC,2019-05-01 09:30:36.309574,30.56,180
CVX,2019-05-01 09:30:36.363913,118.905,100
CVX,2019-05-01 09:30:36.432933,118.975,70
AAPL,2019-05-01 09:30:36.587301,214.04,110
BAC,2019-05-01 09:30:36.789669,30.6,70
CVX,2019-05-01 09:30:36.825997,118.97,100
AAPL,2019-05-01 09:30:36.991881,214.1646,70
CVX,2019-05-01 09:30:37.305198,118.98,130
BAC,2019-05-01 09:30:37.777385,30.605,170
AAPL,2019-05-01 09:30:37.839711,214.33,80
CVX,2019-05-01 09:30:38.166980,119.005,310
BAC,2019-05-01 09:30:38.443573,30.605,110
AAPL,2019-05-01 09:30:38.619619,214.1199,100
BAC,2019-05-01 09:30:38.679270,30.61,160
CVX,2019-05-01 09:30:38.808265,118.93,290
AAPL,2019-05-01 09:30:39.018224,214.06,150
CVX,2019-05-01 09:30:39.401784,118.87,120
BAC,2019-05-01 09:30:39.465945,30.625,240
AAPL,2019-05-01 09:30:39.751071,213.87,180
BAC,2019-05-01 09:30:39.775869,30.61,350
CVX,2019-05-01 09:30:39.832396,118.82,370
BAC,2019-05-01 09:30:40.032936,30.62,270
AAPL,2019-05-01 09:30:40.313441,213.69,180
CVX,2019-05-01 09:30:40.813714,118.87,210
BAC,2019-05-01 09:30:40.845961,30.57,300
AAPL,2019-05-01 09:30:41.166292,213.93,170
CVX,2019-05-01 09:30:41.220114,118.89,90
BAC,2019-05-01 09:30:41.375742,30.545,180
CVX,2019-05-01 09:30:41.446600,118.97,140
BAC,2019-05-01 09:30:41.696034,30.575,250
AAPL,2019-05-01 09:30:41.724841,214.0401,120
CVX,2019-05-01 09:30:42.357059,119.0139,110
BAC,2019-05-01 09:30:42.554727,30.535,190
AAPL,2019-05-01 09:30:42.601809,214.38,90
CVX,2019-05-01 09:30:42.948644,118.92,150
AAPL,2019-05-01 09:30:43.006677,214.59,70
BAC,2019-05-01 09:30:43.039536,30.565,270
AAPL,2019-05-01 09:30:43.083713,214.54,60
CVX,2019-05-01 09:30:43.631142,118.97,110
BAC,2019-05-01 09:30:43.953680,30.5,550
AAPL,2019-05-01 09:30:43.967646,214.67,70
CVX,2019-05-01 09:30:44.287334,118.98,140
BAC,2019-05-01 09:30:44.424310,30.455,90
AAPL,2019-05-01 09:30:44.587052,214.42,130
CVX,2019-05-01 09:30:44.603339,118.995,110
CVX,2019-05-01 09:30:44.884649,119.1,80
AAPL,2019-05-01 09:30:45.004475,214.58,90
BAC,2019-05-01 09:30:45.107306,30.39,270
CVX,2019-05-01 09:30:45.156415,119.06,120
AAPL,2019-05-01 09:30:45.194887,214.88,70
AAPL,2019-05-01 09:30:45.235236,214.73,90
CVX,2019-05-01 09:30:45.298428,119.02,90
AAPL,2019-05-01 09:30:45.727630,214.83,60
AAPL,2019-05-01 09:30:45.805872,214.93,70
BAC,2019-05-01 09:30:45.932096,30.41,320
CVX,2019-05-01 09:30:46.205339,119.02,130
BAC,2019-05-01 09:30:46.651162,30.36,100
AAPL,2019-05-01 09:30:46.720534,214.875,130
CVX,2019-05-01 09:30:46.739132,119.105,110
CVX,2019-05-01 09:30:46.799551,119.0833,220
AAPL,2019-05-01 09:30:46.891775,215.062,80
BAC,2019-05-01 09:30:46.971491,30.375,60
AAPL,2019-05-01 09:30:47.204856,214.9,250
CVX,2019-05-01 09:30:47.210793,119.1,100
BAC,2019-05-01 09:30:47.481685,30.315,400
CVX,2019-05-01 09:30:47.682538,119.09,130
AAPL,2019-05-01 09:30:47.809408,214.93,90
CVX,2019-05-01 09:30:47.825139,119.0996,170
BAC,2019-05-01 09:30:48.376433,30.355,60
AAPL,2019-05-01 09:30:48.591087,214.9,80
CVX,2019-05-01 09:30:48.591193,119.1567,90
CVX,2019-05-01 09:30:48.869217,119.14,110
AAPL,2019-05-01 09:30:49.074054,214.975,60
CVX,2019-05-01 09:30:49.247089,119.16,200
BAC,2019-05-01 09:30:49.262302,30.375,260
AAPL,2019-05-01 09:30:49.556221,214.8828,120
CVX,2019-05-01 09:30:50.144191,119.17,270
BAC,2019-05-01 09:30:50.165305,30.4195,100
AAPL,2019-05-01 09:30:50.437802,214.76,90
CVX,2019-05-01 09:30:50.559371,119.195,140
BAC,2019-05-01 09:30:50.571219,30.405,110
BAC,2019-05-01 09:30:50.775386,30.4,120
AAPL,2019-05-01 09:30:50.844605,214.83,70
BAC,2019-05-01 09:30:51.054274,30.375,160
BAC,2019-05-01 09:30:51.397206,30.34,110
CVX,2019-05-01 09:30:51.431678,119.26,160
CVX,2019-05-01 09:30:51.485300,119.17,130
AAPL,2019-05-01 09:30:51.637952,214.62,30
AAPL,2019-05-01 09:30:51.824922,214.6408,50
BAC,2019-05-01 09:30:51.991984,30.31,100
CVX,2019-05-01 09:30:52.068184,119.17,40
AAPL,2019-05-01 09:30:52.314788,214.52,30
BAC,2019-05-01 09:30:52.691391,30.315,100
CVX,2019-05-01 09:30:52.826664,119.18,190
AAPL,2019-05-01 09:30:52.829991,214.63,90
CVX,2019-05-01 09:30:52.897799,119.185,110
BAC,2019-05-01 09:30:53.090399,30.29,500
AAPL,2019-05-01 09:30:53.225059,214.4,70
AAPL,2019-05-01 09:30:53.249870,214.405,100
BAC,2019-05-01 09:30:53.257486,30.33,730
AAPL,2019-05-01 09:30:53.438280,214.56,30
BAC,2019-05-01 09:30:53.571443,30.25,120
CVX,2019-05-01 09:30:53.610519,119.1414,180
BAC,2019-05-01 09:30:53.930782,30.24,70
BAC,2019-05-01 09:30:54.111795,30.2499,260
AAPL,2019-05-01 09:30:54.186227,214.48,90
BAC,2019-05-01 09:30:54.362634,30.225,70
CVX,2019-05-01 09:30:54.461412,119.1,250
CVX,2019-05-01 09:30:54.485448,119.07,90
AAPL,2019-05-01 09:30:54.623937,214.7,50
AAPL,2019-05-01 09:30:54.972763,214.65,50
BAC,2019-05-01 09:30:55.133025,30.23,170
AAPL,2019-05-01 09:30:55.244592,214.55,130
CVX,2019-05-01 09:30:55.328543,119.14,100
AAPL,2019-05-01 09:30:55.337948,214.69,80
BAC,2019-05-01 09:30:55.505137,30.22,240
CVX,2019-05-01 09:30:55.626582,119.2,170
AAPL,2019-05-01 09:30:55.680138,214.7,60
BAC,2019-05-01 09:30:55.882834,30.2268,50
BAC,2019-05-01 09:30:55.915701,30.22,70
CVX,2019-05-01 09:30:56.426860,119.3,160
CVX,2019-05-01 09:30:56.540021,119.15,290
AAPL,2019-05-01 09:30:56.618495,214.74,110
CVX,2019-05-01 09:30:56.687917,119.24,2020
BAC,2019-05-01 09:30:56.788530,30.2242,60
AAPL,2019-05-01 09:30:57.154376,214.76,180
CVX,2019-05-01 09:30:57.399482,119.165,110
BAC,2019-05-01 09:30:57.535363,30.245,210
BAC,2019-05-01 09:30:57.784118,30.2257,120
AAPL,2019-05-01 09:30:57.852804,214.34,40
CVX,2019-05-01 09:30:58.027987,119.1719,80
BAC,2019-05-01 09:30:58.076383,30.195,160
BAC,2019-05-01 09:30:58.461452,30.19,430
AAPL,2019-05-01 09:30:58.537472,214.2301,50
CVX,2019-05-01 09:30:58.655727,119.18,100
CVX,2019-05-01 09:30:58.731269,119.31,130
CVX,2019-05-01 09:30:58.832332,119.1772,410
BAC,2019-05-01 09:30:58.997353,30.245,130
BAC,2019-05-01 09:30:59.000047,30.23,200
AAPL,2019-05-01 09:30:59.143997,214.26,110
AAPL,2019-05-01 09:30:59.359946,214.25,130
AAPL,2019-05-01 09:30:59.592231,214.25,60
CVX,2019-05-01 09:30:59.799854,119.17,210
BAC,2019-05-01 09:30:59.829482,30.205,400
AAPL,2019-05-01 09:30:59.897486,214.29,60
CVX,2019-05-01 09:31:00.647585,119.14,170
BAC,2019-05-01 09:31:00.679630,30.265,570
AAPL,2019-05-01 09:31:00.811540,214.14,50
CVX,2019-05-01 09:31:00.994389,119.15,420
CVX,2019-05-01 09:31:00.997998,119.11,90
AAPL,2019-05-01 09:31:01.067163,214.149,40
AAPL,2019-05-01 09:31:01.414676,214.1036,60
BAC,2019-05-01 09:31:01.472710,30.345,890
AAPL,2019-05-01 09:31:01.760526,213.98,50
CVX,2019-05-01 09:31:01.775818,119.15,140
CVX,2019-05-01 09:31:02.063261,119.15,50
BAC,2019-05-01 09:31:02.192390,30.44,120
AAPL,2019-05-01 09:31:02.348628,213.94299999999998,40
CVX,2019-05-01 09:31:02.366957,119.1068,130
AAPL,2019-05-01 09:31:02.503737,213.8965,30
BAC,2019-05-01 09:31:03.158295,30.405,60
CVX,2019-05-01 09:31:03.239139,119.03,90
AAPL,2019-05-01 09:31:03.389816,213.8601,50
CVX,2019-05-01 09:31:03.447083,118.97,90
CVX,2019-05-01 09:31:03.706294,118.98,90
AAPL,2019-05-01 09:31:03.725273,213.8567,20
BAC,2019-05-01 09:31:03.968827,30.42,210
CVX,2019-05-01 09:31:04.408314,118.955,60
BAC,2019-05-01 09:31:04.512537,30.4123,140
AAPL,2019-05-01 09:31:04.565854,213.87,40
CVX,2019-05-01 09:31:04.700807,118.97,60
BAC,2019-05-01 09:31:04.781449,30.4199,230
BAC,2019-05-01 09:31:04.801546,30.4087,70
CVX,2019-05-01 09:31:04.910519,118.95,80
BAC,2019-05-01 09:31:04.929489,30.38,10
AAPL,2019-05-01 09:31:05.035637,213.8337,90
CVX,2019-05-01 09:31:05.221966,118.915,180
AAPL,2019-05-01 09:31:05.266355,213.87,10
CVX,2019-05-01 09:31:05.341711,118.93,300
BAC,2019-05-01 09:31:05.769862,30.385,40
BAC,2019-05-01 09:31:05.990884,30.385,80
CVX,2019-05-01 09:31:06.018121,118.9627,40
CVX,2019-05-01 09:31:06.098915,119.03,100
AAPL,2019-05-01 09:31:06.108723,213.86,30
AAPL,2019-05-01 09:31:06.256950,213.93,30
BAC,2019-05-01 09:31:06.307991,30.395,60
AAPL,2019-05-01 09:31:06.404548,213.91,30
BAC,2019-05-01 09:31:06.615058,30.384,20
BAC,2019-05-01 09:31:06.623390,30.385,20
CVX,2019-05-01 09:31:06.662498,119.0263,130
BAC,2019-05-01 09:31:06.675244,30.385,20
CVX,2019-05-01 09:31:06.918738,118.975,640
CVX,2019-05-01 09:31:07.289162,118.94,110
AAPL,2019-05-01 09:31:07.298222,213.95,30
AAPL,2019-05-01 09:31:07.461639,213.91,30
CVX,2019-05-01 09:31:07.479857,118.99,80
BAC,2019-05-01 09:31:07.526531,30.4,80
CVX,2019-05-01 09:31:07.828887,119.05,110
AAPL,2019-05-01 09:31:08.262468,213.84,40
BAC,2019-05-01 09:31:08.469923,30.405,20
CVX,2019-05-01 09:31:08.793479,119.02,110
AAPL,2019-05-01 09:31:08.803994,213.97,20
CVX,2019-05-01 09:31:08.858373,118.99,40
BAC,2019-05-01 09:31:08.963352,30.395,20
BAC,2019-05-01 09:31:09.018324,30.385,30
BAC,2019-05-01 09:31:09.021096,30.375,10
CVX,2019-05-01 09:31:09.494383,119.005,150
CVX,2019-05-01 09:31:09.508077,118.9652,60
AAPL,2019-05-01 09:31:09.537651,213.9,50
BAC,2019-05-01 09:31:09.790234,30.3719,40
BAC,2019-05-01 09:31:10.066043,30.3846,20
CVX,2019-05-01 09:31:10.081145,118.94,60
BAC,2019-05-01 09:31:10.446035,30.375,60
AAPL,2019-05-01 09:31:10.463112,213.9,30
BAC,2019-05-01 09:31:10.721948,30.38,30
AAPL,2019-05-01 09:31:10.846325,213.9376,50
AAPL,2019-05-01 09:31:10.894597,213.8043,50
CVX,2019-05-01 09:31:10.907580,118.97,170
CVX,2019-05-01 09:31:11.069061,118.91,210
AAPL,2019-05-01 09:31:11.217765,213.99,50
BAC,2019-05-01 09:31:11.407559,30.365,60
CVX,2019-05-01 09:31:11.637340,118.91,130
CVX,2019-05-01 09:31:11.934998,118.9,60
AAPL,2019-05-01 09:31:12.034486,214.02,60
BAC,2019-05-01 09:31:12.318500,30.36,50
AAPL,2019-05-01 09:31:12.337401,214.12,280
CVX,2019-05-01 09:31:12.585509,118.9425,100
AAPL,2019-05-01 09:31:12.663870,214.1481,40
AAPL,2019-05-01 09:31:12.786286,214.1894,30
CVX,2019-05-01 09:31:13.203637,118.88,50
AAPL,2019-05-01 09:31:13.249387,214.1701,30
BAC,2019-05-01 09:31:13.309036,30.335,50
BAC,2019-05-01 09:31:13.688929,30.3541,20
AAPL,2019-05-01 09:31:14.028311,214.1301,40
BAC,2019-05-01 09:31:14.073240,30.36,20
BAC,2019-05-01 09:31:14.074735,30.385,50
AAPL,2019-05-01 09:31:14.080415,214.2,40
CVX,2019-05-01 09:31:14.093429,118.9,310
AAPL,2019-05-01 09:31:14.183961,214.21,80
BAC,2019-05-01 09:31:14.192311,30.38,20
CVX,2019-05-01 09:31:14.233057,118.95,40
BAC,2019-05-01 09:31:14.441637,30.37,40
CVX,2019-05-01 09:31:15.077677,118.97,80
AAPL,2019-05-01 09:31:15.121828,214.2898,30
CVX,2019-05-01 09:31:15.222617,118.97,40
BAC,2019-05-01 09:31:15.261988,30.3709,30
BAC,2019-05-01 09:31:15.298150,30.3977,90
CVX,2019-05-01 09:31:15.353041,118.93,40
CVX,2019-05-01 09:31:15.390146,118.96,50
CVX,2019-05-01 09:31:15.719924,118.96,170
BAC,2019-05-01 09:31:15.766686,30.365,40
AAPL,2019-05-01 09:31:15.840909,214.3731,80
BAC,2019-05-01 09:31:15.841864,30.35,20
CVX,2019-05-01 09:31:16.078273,119.055,100
CVX,2019-05-01 09:31:16.169759,119.1,100
AAPL,2019-05-01 09:31:16.397332,214.3402,50
AAPL,2019-05-01 09:31:16.774639,214.5,80
BAC,2019-05-01 09:31:16.775637,30.35,30
CVX,2019-05-01 09:31:16.862662,119.1,30
CVX,2019-05-01 09:31:16.901314,119.11,120
BAC,2019-05-01 09:31:16.912452,30.34,10
AAPL,2019-05-01 09:31:16.927553,214.67,80
BAC,2019-05-01 09:31:17.054893,30.3464,10
CVX,2019-05-01 09:31:17.130822,119.06,50
AAPL,2019-05-01 09:31:17.380199,214.5343,50
BAC,2019-05-01 09:31:17.549022,30.345,10
CVX,2019-05-01 09:31:17.654666,119.05,120
AAPL,2019-05-01 09:31:17.803087,214.41,110
BAC,2019-05-01 09:31:18.367822,30.35,170
CVX,2019-05-01 09:31:18.457670,118.97,90
CVX,2019-05-01 09:31:18.625767,118.96,570
BAC,2019-05-01 09:31:18.651976,30.355,30
AAPL,2019-05-01 09:31:18.802786,214.47,170
CVX,2019-05-01 09:31:18.808657,119.17,800
AAPL,2019-05-01 09:31:19.216584,214.27,40
CVX,2019-05-01 09:31:19.416318,119.14,80
CVX,2019-05-01 09:31:19.528913,119.19,260
AAPL,2019-05-01 09:31:19.607395,214.2613,30
BAC,2019-05-01 09:31:19.623543,30.335,10
AAPL,2019-05-01 09:31:19.809359,214.22,40
CVX,2019-05-01 09:31:20.448659,119.06,80
BAC,2019-05-01 09:31:20.512107,30.32,30
BAC,2019-05-01 09:31:20.605179,30.32,30
AAPL,2019-05-01 09:31:20.666332,214.25,60
CVX,2019-05-01 09:31:20.677611,119.07,30
BAC,2019-05-01 09:31:20.680827,30.33,70
CVX,2019-05-01 09:31:20.707269,119.06,50
AAPL,2019-05-01 09:31:20.791371,214.295,100
AAPL,2019-05-01 09:31:20.951010,214.08,40
BAC,2019-05-01 09:31:21.232956,30.33,60
CVX,2019-05-01 09:31:21.344952,119.08,20
AAPL,2019-05-01 09:31:21.365855,214.06,50
CVX,2019-05-01 09:31:21.513626,119.07,90
AAPL,2019-05-01 09:31:21.542176,213.96,40
CVX,2019-05-01 09:31:21.908582,119.06,30
BAC,2019-05-01 09:31:22.179356,30.365,160
AAPL,2019-05-01 09:31:22.331408,213.97,80
BAC,2019-05-01 09:31:22.337575,30.31,80
CVX,2019-05-01 09:31:22.680994,119.06,360
BAC,2019-05-01 09:31:22.925695,30.295,20
AAPL,2019-05-01 09:31:23.056262,214.12,80
AAPL,2019-05-01 09:31:23.255309,214.095,90
CVX,2019-05-01 09:31:23.389404,119.03200000000001,70
BAC,2019-05-01 09:31:23.871859,30.3,80
AAPL,2019-05-01 09:31:24.221808,213.81,60
CVX,2019-05-01 09:31:24.269393,119.08,300
BAC,2019-05-01 09:31:24.278756,30.29,100
CVX,2019-05-01 09:31:24.610548,119.01,50
CVX,2019-05-01 09:31:25.056493,119.01,70
AAPL,2019-05-01 09:31:25.064871,214.01,60
BAC,2019-05-01 09:31:25.211576,30.305,20
AAPL,2019-05-01 09:31:25.225666,214.1499,30
AAPL,2019-05-01 09:31:25.312627,214.08,50
AAPL,2019-05-01 09:31:25.337254,214.1096,50
BAC,2019-05-01 09:31:25.366679,30.31,40
CVX,2019-05-01 09:31:25.673286,118.99,100
CVX,2019-05-01 09:31:25.685397,118.99,50
BAC,2019-05-01 09:31:25.793779,30.2934,40
AAPL,2019-05-01 09:31:25.838150,214.1498,40
CVX,2019-05-01 09:31:26.272511,119.0,90
CVX,2019-05-01 09:31:26.488310,118.96,100
BAC,2019-05-01 09:31:26.730349,30.29,60
AAPL,2019-05-01 09:31:26.777219,214.09,30
BAC,2019-05-01 09:31:27.220354,30.3,20
BAC,2019-05-01 09:31:27.221095,30.29,60
AAPL,2019-05-01 09:31:27.307926,214.25,130
AAPL,2019-05-01 09:31:27.385609,213.92,50
CVX,2019-05-01 09:31:27.475275,118.91,70
AAPL,2019-05-01 09:31:27.568904,213.93,80
BAC,2019-05-01 09:31:27.911928,30.31,50
CVX,2019-05-01 09:31:28.030829,118.945,80
CVX,2019-05-01 09:31:28.098775,118.92,400
AAPL,2019-05-01 09:31:28.141053,214.1846,110
BAC,2019-05-01 09:31:28.494467,30.32,650
CVX,2019-05-01 09:31:28.554718,118.87,90
BAC,2019-05-01 09:31:28.586411,30.315,110
CVX,2019-05-01 09:31:28.670540,118.83,90
AAPL,2019-05-01 09:31:28.856960,214.27900000000002,150
BAC,2019-05-01 09:31:29.015653,30.33,330
CVX,2019-05-01 09:31:29.313502,118.84,120
AAPL,2019-05-01 09:31:29.518318,214.19,140
BAC,2019-05-01 09:31:29.699902,30.28,170
CVX,2019-05-01 09:31:29.855984,118.85,310
AAPL,2019-05-01 09:31:30.015510,213.95,60
BAC,2019-05-01 09:31:30.332930,30.29,100
CVX,2019-05-01 09:31:30.813914,118.86,60
AAPL,2019-05-01 09:31:30.891816,213.83,50
AAPL,2019-05-01 09:31:30.910898,213.61,60
BAC,2019-05-01 09:31:31.010093,30.28,60
CVX,2019-05-01 09:31:31.311133,118.87,80
CVX,2019-05-01 09:31:31.505859,118.875,150
AAPL,2019-05-01 09:31:31.709416,213.6545,40
CVX,2019-05-01 09:31:31.964587,118.82,60
BAC,2019-05-01 09:31:31.966293,30.2734,70
BAC,2019-05-01 09:31:32.135938,30.25,170
AAPL,2019-05-01 09:31:32.269469,213.62,50
BAC,2019-05-01 09:31:32.423712,30.24,280
BAC,2019-05-01 09:31:32.543421,30.225,120
CVX,2019-05-01 09:31:32.622386,118.77,70
AAPL,2019-05-01 09:31:32.996266,213.49,70
BAC,2019-05-01 09:31:33.223435,30.2,120
CVX,2019-05-01 09:31:33.223544,118.79,150
BAC,2019-05-01 09:31:33.277070,30.22,70
CVX,2019-05-01 09:31:33.652019,118.82,100
BAC,2019-05-01 09:31:33.702817,30.21,140
AAPL,2019-05-01 09:31:33.969638,213.69,50
BAC,2019-05-01 09:31:34.232236,30.2052,30
BAC,2019-05-01 09:31:34.324215,30.21,80
CVX,2019-05-01 09:31:34.357880,118.75,100
BAC,2019-05-01 09:31:34.712354,30.21,60
AAPL,2019-05-01 09:31:34.800628,213.55,50
BAC,2019-05-01 09:31:34.886583,30.21,80
AAPL,2019-05-01 09:31:35.161197,213.52,50
AAPL,2019-05-01 09:31:35.243906,213.61,70
CVX,2019-05-01 09:31:35.333439,118.78,160
BAC,2019-05-01 09:31:35.454813,30.2434,40
CVX,2019-05-01 09:31:35.483361,118.74700000000001,60
AAPL,2019-05-01 09:31:35.829285,213.553,70
CVX,2019-05-01 09:31:36.098295,118.8,100
BAC,2019-05-01 09:31:36.384444,30.235,110
AAPL,2019-05-01 09:31:36.442407,213.62,150
CVX,2019-05-01 09:31:36.478600,118.83,80
CVX,2019-05-01 09:31:36.551594,118.7359,300
BAC,2019-05-01 09:31:36.623327,30.2155,120
AAPL,2019-05-01 09:31:36.695338,213.3121,120
BAC,2019-05-01 09:31:37.386043,30.215,150
CVX,2019-05-01 09:31:37.449345,118.655,150
AAPL,2019-05-01 09:31:37.639717,213.49,220
AAPL,2019-05-01 09:31:37.722721,213.8826,60
CVX,2019-05-01 09:31:37.831401,118.69,140
BAC,2019-05-01 09:31:38.364766,30.215,170
BAC,2019-05-01 09:31:38.526201,30.24,80
CVX,2019-05-01 09:31:38.563496,118.75,20
AAPL,2019-05-01 09:31:38.624285,214.105,60
AAPL,2019-05-01 09:31:38.673824,214.14,30
CVX,2019-05-01 09:31:38.984985,118.76,100
AAPL,2019-05-01 09:31:39.163143,214.03,70
BAC,2019-05-01 09:31:39.437701,30.255,40
BAC,2019-05-01 09:31:39.539057,30.26,30
AAPL,2019-05-01 09:31:39.738461,214.0646,40
CVX,2019-05-01 09:31:39.903745,118.8,60
AAPL,2019-05-01 09:31:40.043102,214.05,60
AAPL,2019-05-01 09:31:40.221061,214.0482,70
BAC,2019-05-01 09:31:40.471195,30.245,40
AAPL,2019-05-01 09:31:40.704055,214.08,60
CVX,2019-05-01 09:31:40.852846,118.805,80
AAPL,2019-05-01 09:31:40.975924,214.09,70
CVX,2019-05-01 09:31:41.010403,118.72,370
BAC,2019-05-01 09:31:41.337809,30.25,100
BAC,2019-05-01 09:31:41.700906,30.28,20
AAPL,2019-05-01 09:31:41.854754,214.09,40
CVX,2019-05-01 09:31:41.959393,118.79,150
CVX,2019-05-01 09:31:42.205470,118.765,90
BAC,2019-05-01 09:31:42.440940,30.25,40
BAC,2019-05-01 09:31:42.731465,30.215,70
AAPL,2019-05-01 09:31:42.808580,214.1035,390
AAPL,2019-05-01 09:31:43.000584,214.11,110
CVX,2019-05-01 09:31:43.019740,118.77600000000001,380
CVX,2019-05-01 09:31:43.085331,118.7774,80
CVX,2019-05-01 09:31:43.290624,118.77,70
BAC,2019-05-01 09:31:43.618562,30.2157,40
CVX,2019-05-01 09:31:43.660407,118.82,60
AAPL,2019-05-01 09:31:43.970346,214.1201,70
AAPL,2019-05-01 09:31:44.252263,214.0571,80
AAPL,2019-05-01 09:31:44.388255,214.05,80
CVX,2019-05-01 09:31:44.446205,118.81,90
BAC,2019-05-01 09:31:44.567326,30.23,50
AAPL,2019-05-01 09:31:44.709284,213.9048,80
CVX,2019-05-01 09:31:45.259896,118.815,70
AAPL,2019-05-01 09:31:45.319798,213.8846,60
BAC,2019-05-01 09:31:45.491813,30.225,50
AAPL,2019-05-01 09:31:45.632182,213.89,80
CVX,2019-05-01 09:31:45.920189,118.82,30
CVX,2019-05-01 09:31:46.111421,118.835,70
AAPL,2019-05-01 09:31:46.207111,213.8384,140
BAC,2019-05-01 09:31:46.473607,30.23,170
AAPL,2019-05-01 09:31:46.517308,213.84,70
AAPL,2019-05-01 09:31:46.877521,213.9301,100
CVX,2019-05-01 09:31:46.922328,118.815,60
CVX,2019-05-01 09:31:47.015443,118.875,50
BAC,2019-05-01 09:31:47.036231,30.225,70
AAPL,2019-05-01 09:31:47.133047,214.019,70
CVX,2019-05-01 09:31:47.810734,118.865,230
AAPL,2019-05-01 09:31:47.843898,214.1,40
BAC,2019-05-01 09:31:47.860657,30.2,90
CVX,2019-05-01 09:31:47.873106,118.85,100
CVX,2019-05-01 09:31:47.957999,118.9312,150
CVX,2019-05-01 09:31:48.354040,118.975,70
BAC,2019-05-01 09:31:48.484887,30.22,250
AAPL,2019-05-01 09:31:48.505330,214.09,70
BAC,2019-05-01 09:31:48.899711,30.21,200
BAC,2019-05-01 09:31:48.972336,30.2439,30
AAPL,2019-05-01 09:31:49.068751,214.14,130
CVX,2019-05-01 09:31:49.228321,118.91,100
CVX,2019-05-01 09:31:49.493962,118.96,100
AAPL,2019-05-01 09:31:49.629870,214.1899,90
CVX,2019-05-01 09:31:49.670853,119.0,110
BAC,2019-05-01 09:31:49.807156,30.2311,40
BAC,2019-05-01 09:31:50.393053,30.245,310
CVX,2019-05-01 09:31:50.408357,118.99,60
AAPL,2019-05-01 09:31:50.454206,214.04,120
BAC,2019-05-01 09:31:50.486355,30.265,50
BAC,2019-05-01 09:31:50.944317,30.26,130
AAPL,2019-05-01 09:31:51.057899,213.8649,220
CVX,2019-05-01 09:31:51.365560,119.07,100
BAC,2019-05-01 09:31:51.638340,30.28,40
CVX,2019-05-01 09:31:51.936051,119.05,70
AAPL,2019-05-01 09:31:51.944021,214.07,30
CVX,2019-05-01 09:31:52.258163,119.095,130
BAC,2019-05-01 09:31:52.446476,30.29,120
BAC,2019-05-01 09:31:52.622698,30.305,70
AAPL,2019-05-01 09:31:52.676075,213.9301,460
BAC,2019-05-01 09:31:52.949516,30.29,20
CVX,2019-05-01 09:31:53.113429,119.085,30
AAPL,2019-05-01 09:31:53.284161,214.08,0
BAC,2019-05-01 09:31:53.589017,30.3023,60
CVX,2019-05-01 09:31:54.090514,119.1388,290
AAPL,2019-05-01 09:31:54.128862,214.1,170
BAC,2019-05-01 09:31:54.297384,30.3,60
CVX,2019-05-01 09:31:54.342697,119.265,200
CVX,2019-05-01 09:31:54.500389,119.285,80
AAPL,2019-05-01 09:31:54.530486,214.202,90
CVX,2019-05-01 09:31:54.603189,119.35,290
BAC,2019-05-01 09:31:55.037874,30.295,40
AAPL,2019-05-01 09:31:55.046739,214.2867,140
BAC,2019-05-01 09:31:55.159614,30.305,150
CVX,2019-05-01 09:31:55.523761,119.2981,60
BAC,2019-05-01 09:31:55.687951,30.29,60
AAPL,2019-05-01 09:31:55.832894,214.22,160
CVX,2019-05-01 09:31:56.018118,119.295,120
CVX,2019-05-01 09:31:56.320952,119.41,350
AAPL,2019-05-01 09:31:56.370184,214.57,160
BAC,2019-05-01 09:31:56.400111,30.27,60
AAPL,2019-05-01 09:31:56.679574,214.7556,50
BAC,2019-05-01 09:31:57.056727,30.2891,160
CVX,2019-05-01 09:31:57.235117,119.35,50
AAPL,2019-05-01 09:31:57.482794,214.77,130
AAPL,2019-05-01 09:31:57.709295,215.0,50
BAC,2019-05-01 09:31:58.020362,30.29,170
CVX,2019-05-01 09:31:58.190095,119.37,20
BAC,2019-05-01 09:31:58.346051,30.315,30
AAPL,2019-05-01 09:31:58.381659,214.915,80
AAPL,2019-05-01 09:31:58.653578,214.9133,40
CVX,2019-05-01 09:31:58.969380,119.365,50
BAC,2019-05-01 09:31:59.144699,30.315,60
CVX,2019-05-01 09:31:59.326713,119.305,80
AAPL,2019-05-01 09:31:59.556069,214.8455,120
BAC,2019-05-01 09:31:59.814915,30.32,80
AAPL,2019-05-01 09:31:59.936870,215.0457,60
CVX,2019-05-01 09:32:00.094498,119.305,190
AAPL,2019-05-01 09:32:00.267106,214.92,110
BAC,2019-05-01 09:32:00.814506,30.3407,30
CVX,2019-05-01 09:32:01.077334,119.295,120
AAPL,2019-05-01 09:32:01.228291,215.06,100
BAC,2019-05-01 09:32:01.504860,30.35,70
CVX,2019-05-01 09:32:01.722051,119.315,110
AAPL,2019-05-01 09:32:01.803682,215.3,200
BAC,2019-05-01 09:32:02.049338,30.34,150
BAC,2019-05-01 09:32:02.294274,30.36,40
CVX,2019-05-01 09:32:02.485782,119.31,240
AAPL,2019-05-01 09:32:02.716624,214.965,200
BAC,2019-05-01 09:32:02.980414,30.35,80
BAC,2019-05-01 09:32:03.107654,30.37,70
AAPL,2019-05-01 09:32:03.235607,214.88,80
CVX,2019-05-01 09:32:03.464887,119.275,40
BAC,2019-05-01 09:32:03.538399,30.395,10
BAC,2019-05-01 09:32:03.948891,30.393,30
AAPL,2019-05-01 09:32:04.074284,214.834,100
AAPL,2019-05-01 09:32:04.383027,214.74,60
CVX,2019-05-01 09:32:04.450181,119.295,100
BAC,2019-05-01 09:32:04.819990,30.405,10
CVX,2019-05-01 09:32:04.996024,119.335,220
BAC,2019-05-01 09:32:05.014874,30.42,20
BAC,2019-05-01 09:32:05.126030,30.41,20
CVX,2019-05-01 09:32:05.127189,119.26,100
AAPL,2019-05-01 09:32:05.138168,214.65,90
CVX,2019-05-01 09:32:05.929823,119.25,90
BAC,2019-05-01 09:32:06.079508,30.4159,10
AAPL,2019-05-01 09:32:06.093579,214.69,150
CVX,2019-05-01 09:32:06.126571,119.31,110
BAC,2019-05-01 09:32:06.275812,30.405,30
AAPL,2019-05-01 09:32:06.358243,214.66,150
AAPL,2019-05-01 09:32:06.962598,214.695,110
CVX,2019-05-01 09:32:07.010504,119.26,110
BAC,2019-05-01 09:32:07.240964,30.41,20
AAPL,2019-05-01 09:32:07.447065,214.9999,100
AAPL,2019-05-01 09:32:07.582049,214.9752,210
AAPL,2019-05-01 09:32:07.638133,215.0493,160
CVX,2019-05-01 09:32:07.890017,119.18,110
BAC,2019-05-01 09:32:07.911844,30.41,30
CVX,2019-05-01 09:32:08.140204,119.29,310
AAPL,2019-05-01 09:32:08.151710,214.85,430
BAC,2019-05-01 09:32:08.580213,30.425,50
CVX,2019-05-01 09:32:08.973542,119.42,320
AAPL,2019-05-01 09:32:09.009941,214.935,120
CVX,2019-05-01 09:32:09.181673,119.29,80
BAC,2019-05-01 09:32:09.295135,30.41,80
BAC,2019-05-01 09:32:09.297235,30.41,90
BAC,2019-05-01 09:32:09.341732,30.4131,20
CVX,2019-05-01 09:32:09.351247,119.28,380
BAC,2019-05-01 09:32:09.536667,30.42,30
AAPL,2019-05-01 09:32:09.652266,214.94,420
CVX,2019-05-01 09:32:09.701741,119.17,190
BAC,2019-05-01 09:32:09.733871,30.42,40
AAPL,2019-05-01 09:32:10.097551,214.93,140
CVX,2019-05-01 09:32:10.349744,119.17,100
AAPL,2019-05-01 09:32:10.358490,214.6991,100
AAPL,2019-05-01 09:32:10.674998,214.79,120
BAC,2019-05-01 09:32:10.731815,30.435,60
BAC,2019-05-01 09:32:10.754308,30.435,80
BAC,2019-05-01 09:32:11.231872,30.445,60
CVX,2019-05-01 09:32:11.349663,119.145,130
AAPL,2019-05-01 09:32:11.415643,214.82,120
CVX,2019-05-01 09:32:11.647997,119.19,90
BAC,2019-05-01 09:32:11.844244,30.435,80
CVX,2019-05-01 09:32:12.134330,119.13,110
AAPL,2019-05-01 09:32:12.317541,214.74,70
CVX,2019-05-01 09:32:12.529536,119.1,110
CVX,2019-05-01 09:32:12.599431,119.07,160
BAC,2019-05-01 09:32:12.617418,30.43,60
BAC,2019-05-01 09:32:13.080370,30.45,130
AAPL,2019-05-01 09:32:13.228201,214.6323,90
CVX,2019-05-01 09:32:13.286503,118.98,240
AAPL,2019-05-01 09:32:13.434173,214.63,50
BAC,2019-05-01 09:32:13.457117,30.4301,50
CVX,2019-05-01 09:32:14.198898,118.8999,140
BAC,2019-05-01 09:32:14.356901,30.44,80
AAPL,2019-05-01 09:32:14.391115,214.54,100
CVX,2019-05-01 09:32:14.490573,118.9464,390
AAPL,2019-05-01 09:32:14.829106,214.59,130
BAC,2019-05-01 09:32:14.835134,30.467,70
CVX,2019-05-01 09:32:15.080009,118.95,110
CVX,2019-05-01 09:32:15.225242,118.8,30
BAC,2019-05-01 09:32:15.333277,30.445,60
AAPL,2019-05-01 09:32:15.627506,214.3368,100
CVX,2019-05-01 09:32:15.823022,118.795,40
AAPL,2019-05-01 09:32:15.839661,214.28,140
CVX,2019-05-01 09:32:15.872380,118.79,100
BAC,2019-05-01 09:32:16.123622,30.44,80
CVX,2019-05-01 09:32:16.144526,118.76,110
AAPL,2019-05-01 09:32:16.166199,214.42,90
CVX,2019-05-01 09:32:16.259449,118.835,90
CVX,2019-05-01 09:32:16.328961,118.84,180
AAPL,2019-05-01 09:32:16.851547,214.545,130
BAC,2019-05-01 09:32:17.055804,30.44,70
CVX,2019-05-01 09:32:17.094921,118.77,80
BAC,2019-05-01 09:32:17.377226,30.44,110
AAPL,2019-05-01 09:32:17.754545,214.6066,160
CVX,2019-05-01 09:32:17.891942,118.75,90
BAC,2019-05-01 09:32:18.016647,30.4,40
AAPL,2019-05-01 09:32:18.183780,214.64,170
BAC,2019-05-01 09:32:18.269618,30.38,20
BAC,2019-05-01 09:32:18.437245,30.375,20
CVX,2019-05-01 09:32:18.463559,118.77,70
CVX,2019-05-01 09:32:19.062150,118.85,120
BAC,2019-05-01 09:32:19.101881,30.38,70
AAPL,2019-05-01 09:32:19.111740,214.87,130
AAPL,2019-05-01 09:32:19.697633,214.8,200
BAC,2019-05-01 09:32:19.817585,30.3685,70
CVX,2019-05-01 09:32:19.904374,118.78,310
CVX,2019-05-01 09:32:20.100756,118.74,300
AAPL,2019-05-01 09:32:20.586249,214.77,130
BAC,2019-05-01 09:32:20.773469,30.37,30
CVX,2019-05-01 09:32:20.889954,118.82,200
AAPL,2019-05-01 09:32:21.263844,214.64,300
CVX,2019-05-01 09:32:21.526007,118.83,150
AAPL,2019-05-01 09:32:21.693572,214.65,130
BAC,2019-05-01 09:32:21.747854,30.385,40
CVX,2019-05-01 09:32:21.865390,118.92,100
CVX,2019-05-01 09:32:22.021260,118.93,90
AAPL,2019-05-01 09:32:22.312892,214.40400000000002,150
BAC,2019-05-01 09:32:22.455156,30.35,60
CVX,2019-05-01 09:32:22.559748,118.85,180
AAPL,2019-05-01 09:32:23.060772,214.43,260
BAC,2019-05-01 09:32:23.140643,30.36,50
CVX,2019-05-01 09:32:23.205665,118.9,170
BAC,2019-05-01 09:32:23.801707,30.35,70
AAPL,2019-05-01 09:32:23.890459,214.5218,310
BAC,2019-05-01 09:32:23.952651,30.35,60
CVX,2019-05-01 09:32:23.977267,118.89,230
AAPL,2019-05-01 09:32:24.361936,214.25,170
AAPL,2019-05-01 09:32:24.385824,214.1003,390
AAPL,2019-05-01 09:32:24.388256,213.95,120
BAC,2019-05-01 09:32:24.528113,30.37,310
CVX,2019-05-01 09:32:24.956377,118.965,670
AAPL,2019-05-01 09:32:25.031810,213.94,90
BAC,2019-05-01 09:32:25.069788,30.37,90
BAC,2019-05-01 09:32:25.371733,30.39,280
BAC,2019-05-01 09:32:25.575957,30.405,170
AAPL,2019-05-01 09:32:25.656644,213.87,100
CVX,2019-05-01 09:32:25.878424,119.0,160
AAPL,2019-05-01 09:32:26.361742,213.8,130
BAC,2019-05-01 09:32:26.444033,30.43,40
CVX,2019-05-01 09:32:26.750167,118.97,230
CVX,2019-05-01 09:32:27.143784,118.865,690
AAPL,2019-05-01 09:32:27.145241,213.9246,180
BAC,2019-05-01 09:32:27.321064,30.42,50
BAC,2019-05-01 09:32:27.490668,30.425,50
BAC,2019-05-01 09:32:27.521095,30.43,100
AAPL,2019-05-01 09:32:27.897877,213.84,140
AAPL,2019-05-01 09:32:27.969663,213.76,120
CVX,2019-05-01 09:32:28.107072,118.9,400
BAC,2019-05-01 09:32:28.214444,30.43,30
AAPL,2019-05-01 09:32:28.319929,213.6273,130
BAC,2019-05-01 09:32:28.422041,30.435,30
CVX,2019-05-01 09:32:28.549430,118.86,100
BAC,2019-05-01 09:32:28.828497,30.43,30
AAPL,2019-05-01 09:32:29.165128,213.62,170
CVX,2019-05-01 09:32:29.436023,118.88,130
AAPL,2019-05-01 09:32:29.621221,213.66,180
BAC,2019-05-01 09:32:29.729394,30.43,80
AAPL,2019-05-01 09:32:30.068124,213.37,120
CVX,2019-05-01 09:32:30.315490,118.93,40
BAC,2019-05-01 09:32:30.553432,30.455,40
AAPL,2019-05-01 09:32:30.672317,213.4199,100
CVX,2019-05-01 09:32:31.287463,118.94,180
BAC,2019-05-01 09:32:31.375118,30.43,30
AAPL,2019-05-01 09:32:31.615934,213.3312,110
BAC,2019-05-01 09:32:31.978454,30.43,60
CVX,2019-05-01 09:32:32.110860,118.93,210
AAPL,2019-05-01 09:32:32.119991,213.13,130
AAPL,2019-05-01 09:32:32.314038,213.1,60
BAC,2019-05-01 09:32:32.737546,30.45,140
CVX,2019-05-01 09:32:32.966436,118.92,190
AAPL,2019-05-01 09:32:33.103753,213.1148,100
CVX,2019-05-01 09:32:33.217944,118.945,440
BAC,2019-05-01 09:32:33.670327,30.425,60
CVX,2019-05-01 09:32:33.917444,119.04,310
AAPL,2019-05-01 09:32:33.970342,213.06,110
BAC,2019-05-01 09:32:34.091952,30.415,100
BAC,2019-05-01 09:32:34.197867,30.415,50
AAPL,2019-05-01 09:32:34.474117,213.24,140
BAC,2019-05-01 09:32:34.856920,30.413,30
CVX,2019-05-01 09:32:34.904987,119.13,120
BAC,2019-05-01 09:32:35.059345,30.415,110
AAPL,2019-05-01 09:32:35.223123,213.28,100
CVX,2019-05-01 09:32:35.241271,119.14,150
CVX,2019-05-01 09:32:35.281047,119.1714,110
BAC,2019-05-01 09:32:35.849506,30.415,220
CVX,2019-05-01 09:32:35.941923,119.27,60
AAPL,2019-05-01 09:32:35.968596,213.21,120
CVX,2019-05-01 09:32:36.162598,119.3334,290
AAPL,2019-05-01 09:32:36.177429,213.32,110
BAC,2019-05-01 09:32:36.288652,30.42,30
CVX,2019-05-01 09:32:36.298910,119.38,140
CVX,2019-05-01 09:32:36.470964,119.38,40
CVX,2019-05-01 09:32:36.800591,119.43,50
BAC,2019-05-01 09:32:36.951153,30.41,150
AAPL,2019-05-01 09:32:36.971220,213.26,170
BAC,2019-05-01 09:32:37.432336,30.42,30
CVX,2019-05-01 09:32:37.738225,119.425,240
AAPL,2019-05-01 09:32:37.871014,213.23,130
AAPL,2019-05-01 09:32:37.993757,213.17,410
CVX,2019-05-01 09:32:38.120607,119.41,210
BAC,2019-05-01 09:32:38.127477,30.43,50
AAPL,2019-05-01 09:32:38.295546,212.98,50
BAC,2019-05-01 09:32:38.583917,30.44,30
CVX,2019-05-01 09:32:38.598885,119.525,140
AAPL,2019-05-01 09:32:38.786388,212.9594,100
CVX,2019-05-01 09:32:38.865339,119.54,90
AAPL,2019-05-01 09:32:39.531029,212.89,60
BAC,2019-05-01 09:32:39.577626,30.45,30
BAC,2019-05-01 09:32:39.608789,30.43,90
CVX,2019-05-01 09:32:39.823882,119.6,160
AAPL,2019-05-01 09:32:40.009508,212.93,130
BAC,2019-05-01 09:32:40.189827,30.465,50
BAC,2019-05-01 09:32:40.569801,30.475,20
AAPL,2019-05-01 09:32:40.594070,212.8706,160
CVX,2019-05-01 09:32:40.754581,119.64,60
BAC,2019-05-01 09:32:41.410146,30.47,50
CVX,2019-05-01 09:32:41.523049,119.615,40
AAPL,2019-05-01 09:32:41.579521,212.78,80
AAPL,2019-05-01 09:32:41.586896,212.78,60
CVX,2019-05-01 09:32:41.616537,119.61,80
BAC,2019-05-01 09:32:41.963214,30.48,200
AAPL,2019-05-01 09:32:42.262886,212.61,100
CVX,2019-05-01 09:32:42.564647,119.75,70
BAC,2019-05-01 09:32:42.591603,30.48,70
AAPL,2019-05-01 09:32:42.716075,212.42,120
BAC,2019-05-01 09:32:43.208668,30.485,80
AAPL,2019-05-01 09:32:43.397988,212.48,170
BAC,2019-05-01 09:32:43.496674,30.47,50
CVX,2019-05-01 09:32:43.503741,119.685,100
CVX,2019-05-01 09:32:43.564361,119.55,80
BAC,2019-05-01 09:32:43.643235,30.4752,60
BAC,2019-05-01 09:32:43.697799,30.48,140
AAPL,2019-05-01 09:32:44.081527,212.7235,170
BAC,2019-05-01 09:32:44.283313,30.475,70
CVX,2019-05-01 09:32:44.465978,119.5405,90
AAPL,2019-05-01 09:32:44.531719,212.9,70
CVX,2019-05-01 09:32:44.874098,119.63,80
AAPL,2019-05-01 09:32:45.097983,212.79,100
BAC,2019-05-01 09:32:45.143123,30.475,80
CVX,2019-05-01 09:32:45.221739,119.68,130
AAPL,2019-05-01 09:32:45.325825,212.9244,100
CVX,2019-05-01 09:32:45.606136,119.515,530
BAC,2019-05-01 09:32:45.896957,30.45,70
AAPL,2019-05-01 09:32:46.099826,212.9254,120
CVX,2019-05-01 09:32:46.200777,119.635,70
AAPL,2019-05-01 09:32:46.218245,212.93099999999998,160
CVX,2019-05-01 09:32:46.757874,119.72,60
BAC,2019-05-01 09:32:46.852304,30.4785,180
CVX,2019-05-01 09:32:46.862893,119.73,60
AAPL,2019-05-01 09:32:46.927499,212.94,160
AAPL,2019-05-01 09:32:47.262878,212.75,90
AAPL,2019-05-01 09:32:47.435418,212.7734,140
BAC,2019-05-01 09:32:47.500001,30.48,70
CVX,2019-05-01 09:32:47.544477,119.7505,40
AAPL,2019-05-01 09:32:47.873775,212.7427,180
BAC,2019-05-01 09:32:48.189512,30.47,350
AAPL,2019-05-01 09:32:48.291214,212.585,100
CVX,2019-05-01 09:32:48.485223,119.84,60
CVX,2019-05-01 09:32:48.623438,119.91,120
AAPL,2019-05-01 09:32:48.704650,212.62,110
BAC,2019-05-01 09:32:49.005075,30.49,190
BAC,2019-05-01 09:32:49.136325,30.46,100
CVX,2019-05-01 09:32:49.266988,119.88,80
BAC,2019-05-01 09:32:49.271061,30.46,150
AAPL,2019-05-01 09:32:49.437336,212.65,80
CVX,2019-05-01 09:32:49.597860,119.91,90
BAC,2019-05-01 09:32:50.127625,30.46,210
CVX,2019-05-01 09:32:50.153273,119.9549,90
AAPL,2019-05-01 09:32:50.202670,212.65,80
BAC,2019-05-01 09:32:50.619862,30.46,240
AAPL,2019-05-01 09:32:50.973329,212.62,120
BAC,2019-05-01 09:32:51.001758,30.43,190
CVX,2019-05-01 09:32:51.044945,119.95,210
BAC,2019-05-01 09:32:51.614825,30.45,170
CVX,2019-05-01 09:32:51.737887,119.9,220
AAPL,2019-05-01 09:32:51.892952,212.76,140
CVX,2019-05-01 09:32:52.152765,119.78,30
BAC,2019-05-01 09:32:52.323923,30.5,220
AAPL,2019-05-01 09:32:52.409438,212.79,100
AAPL,2019-05-01 09:32:52.812203,212.84,170
CVX,2019-05-01 09:32:53.014012,119.77,220
AAPL,2019-05-01 09:32:53.130083,212.635,150
BAC,2019-05-01 09:32:53.288616,30.51,110
CVX,2019-05-01 09:32:53.418123,119.655,130
BAC,2019-05-01 09:32:53.428897,30.5216,90
CVX,2019-05-01 09:32:53.749113,119.71,140
BAC,2019-05-01 09:32:53.824550,30.54,80
AAPL,2019-05-01 09:32:54.049688,212.7758,150
AAPL,2019-05-01 09:32:54.404594,212.68,110
CVX,2019-05-01 09:32:54.634981,119.77,270
BAC,2019-05-01 09:32:54.688509,30.565,90
AAPL,2019-05-01 09:32:55.026602,212.67,150
AAPL,2019-05-01 09:32:55.084997,212.7612,280
AAPL,2019-05-01 09:32:55.268942,212.35,100
CVX,2019-05-01 09:32:55.492007,119.68,150
BAC,2019-05-01 09:32:55.495616,30.58,90
AAPL,2019-05-01 09:32:55.551419,212.4,140
CVX,2019-05-01 09:32:55.952053,119.73,570
AAPL,2019-05-01 09:32:56.077799,212.1201,110
BAC,2019-05-01 09:32:56.173040,30.58,230
BAC,2019-05-01 09:32:56.421801,30.61,90
AAPL,2019-05-01 09:32:56.514116,212.17,160
AAPL,2019-05-01 09:32:56.930380,212.3,110
CVX,2019-05-01 09:32:56.937074,119.745,210
BAC,2019-05-01 09:32:56.944349,30.615,140
AAPL,2019-05-01 09:32:57.058167,212.17,140
AAPL,2019-05-01 09:32:57.157669,212.33,110
BAC,2019-05-01 09:32:57.194934,30.62,290
AAPL,2019-05-01 09:32:57.668704,212.32,180
CVX,2019-05-01 09:32:57.770773,119.83,10
BAC,2019-05-01 09:32:58.014746,30.64,0
AAPL,2019-05-01 09:32:58.053676,212.3071,180
CVX,2019-05-01 09:32:58.181090,119.89,190
AAPL,2019-05-01 09:32:58.203571,212.45,340
BAC,2019-05-01 09:32:58.491827,30.6442,210
CVX,2019-05-01 09:32:58.497220,119.93,40
BAC,2019-05-01 09:32:58.523065,30.66,150
CVX,2019-05-01 09:32:58.585335,120.04,40
AAPL,2019-05-01 09:32:58.649130,212.52,420
AAPL,2019-05-01 09:32:58.749926,212.22,380
AAPL,2019-05-01 09:32:58.818999,212.2177,630
BAC,2019-05-01 09:32:59.056807,30.655,110
CVX,2019-05-01 09:32:59.412871,119.99,70
AAPL,2019-05-01 09:32:59.452962,211.57,140
BAC,2019-05-01 09:32:59.843080,30.6151,320
AAPL,2019-05-01 09:32:59.927950,211.6701,150
CVX,2019-05-01 09:33:00.301535,120.05,190
BAC,2019-05-01 09:33:00.548100,30.645,250
AAPL,2019-05-01 09:33:00.631633,211.51,160
AAPL,2019-05-01 09:33:00.951520,211.6,310
BAC,2019-05-01 09:33:01.065333,30.595,410
CVX,2019-05-01 09:33:01.224044,119.89,220
AAPL,2019-05-01 09:33:01.562956,211.32,270
BAC,2019-05-01 09:33:01.740919,30.6124,340
CVX,2019-05-01 09:33:02.113018,119.89,130
BAC,2019-05-01 09:33:02.181753,30.74,160
AAPL,2019-05-01 09:33:02.369255,211.19,320
BAC,2019-05-01 09:33:02.873361,30.705,50
CVX,2019-05-01 09:33:02.930160,119.97,40
AAPL,2019-05-01 09:33:02.941046,211.24,120
AAPL,2019-05-01 09:33:02.954331,211.14,160
AAPL,2019-05-01 09:33:03.122742,211.34,130
BAC,2019-05-01 09:33:03.422208,30.69,420
AAPL,2019-05-01 09:33:03.482412,211.3473,160
CVX,2019-05-01 09:33:03.498394,119.89,80
AAPL,2019-05-01 09:33:03.802547,211.46,340
BAC,2019-05-01 09:33:04.324033,30.7542,90
AAPL,2019-05-01 09:33:04.389043,211.44,250
CVX,2019-05-01 09:33:04.413307,119.87,100
BAC,2019-05-01 09:33:05.065056,30.7501,150
CVX,2019-05-01 09:33:05.065728,119.95,140
AAPL,2019-05-01 09:33:05.114451,211.792,160
CVX,2019-05-01 09:33:05.479085,119.84,70
BAC,2019-05-01 09:33:05.530821,30.755,190
CVX,2019-05-01 09:33:05.626633,119.72,90
BAC,2019-05-01 09:33:05.807275,30.705,160
AAPL,2019-05-01 09:33:05.934458,211.6,210
CVX,2019-05-01 09:33:06.292990,119.785,280
AAPL,2019-05-01 09:33:06.589578,211.43,620
CVX,2019-05-01 09:33:06.722270,119.79,100
BAC,2019-05-01 09:33:06.756797,30.7,170
CVX,2019-05-01 09:33:06.990081,119.92,90
AAPL,2019-05-01 09:33:07.131820,211.85,390
CVX,2019-05-01 09:33:07.189672,119.92,80
CVX,2019-05-01 09:33:07.272783,119.9947,160
CVX,2019-05-01 09:33:07.298091,120.0,260
BAC,2019-05-01 09:33:07.383919,30.71,160
AAPL,2019-05-01 09:33:07.879423,211.81,290
BAC,2019-05-01 09:33:07.971873,30.74,140
CVX,2019-05-01 09:33:08.244868,119.89,250
AAPL,2019-05-01 09:33:08.268223,211.52,270
AAPL,2019-05-01 09:33:08.336183,211.86,300
CVX,2019-05-01 09:33:08.587039,120.0,140
CVX,2019-05-01 09:33:08.653867,120.05,130
BAC,2019-05-01 09:33:08.701671,30.77,130
BAC,2019-05-01 09:33:08.838583,30.81,120
CVX,2019-05-01 09:33:08.871224,120.06,140
AAPL,2019-05-01 09:33:09.197362,211.81,330
CVX,2019-05-01 09:33:09.371271,119.96,130
CVX,2019-05-01 09:33:09.631345,119.9707,190
BAC,2019-05-01 09:33:09.705324,30.8016,110
AAPL,2019-05-01 09:33:09.953583,211.8899,350
CVX,2019-05-01 09:33:10.205502,119.99,130
AAPL,2019-05-01 09:33:10.365883,211.73,320
BAC,2019-05-01 09:33:10.472850,30.78,130
BAC,2019-05-01 09:33:10.597634,30.8,120
CVX,2019-05-01 09:33:11.088677,119.76,150
BAC,2019-05-01 09:33:11.129058,30.81,110
AAPL,2019-05-01 09:33:11.345148,211.6855,310
AAPL,2019-05-01 09:33:11.638768,211.46,460
CVX,2019-05-01 09:33:11.689442,119.68,100
CVX,2019-05-01 09:33:11.728692,119.809,200
BAC,2019-05-01 09:33:11.749698,30.83,190
CVX,2019-05-01 09:33:12.081195,119.71,420
CVX,2019-05-01 09:33:12.134759,119.55,0
BAC,2019-05-01 09:33:12.337039,30.86,460
CVX,2019-05-01 09:33:12.381127,120.0,990
AAPL,2019-05-01 09:33:12.487622,211.59,400
AAPL,2019-05-01 09:33:12.526008,211.37,650
AAPL,2019-05-01 09:33:12.720471,210.85,470
CVX,2019-05-01 09:33:13.068119,120.04,1250
AAPL,2019-05-01 09:33:13.109362,210.68,580
BAC,2019-05-01 09:33:13.279726,30.855,270
AAPL,2019-05-01 09:33:13.308309,209.9299,410
AAPL,2019-05-01 09:33:13.393481,209.85,280
CVX,2019-05-01 09:33:13.652890,120.045,850
AAPL,2019-05-01 09:33:13.706454,209.33,520
AAPL,2019-05-01 09:33:13.896672,210.0931,480
BAC,2019-05-01 09:33:14.004499,30.86,350
CVX,2019-05-01 09:33:14.159542,120.04,1380
BAC,2019-05-01 09:33:14.195191,30.87,110
CVX,2019-05-01 09:33:14.327744,120.09,1650
AAPL,2019-05-01 09:33:14.531893,210.3713,670
CVX,2019-05-01 09:33:15.032058,120.23,970
BAC,2019-05-01 09:33:15.047468,30.87,160
AAPL,2019-05-01 09:33:15.456600,209.7107,480
CVX,2019-05-01 09:33:15.695100,120.14,590
AAPL,2019-05-01 09:33:15.909534,209.53,640
BAC,2019-05-01 09:33:16.046937,30.875,190
CVX,2019-05-01 09:33:16.623453,120.115,540
AAPL,2019-05-01 09:33:16.684968,210.02,0
AAPL,2019-05-01 09:33:16.794185,200.57,660
BAC,2019-05-01 09:33:17.036538,30.85,540
AAPL,2019-05-01 09:33:17.216034,200.8341,250
BAC,2019-05-01 09:33:17.278613,30.765,140
CVX,2019-05-01 09:33:17.536951,120.06,780
AAPL,2019-05-01 09:33:17.804172,200.63,280
AAPL,2019-05-01 09:33:17.821909,200.77,240
CVX,2019-05-01 09:33:18.149181,119.965,990
BAC,2019-05-01 09:33:18.200043,30.7735,40
CVX,2019-05-01 09:33:18.320952,120.12,590
AAPL,2019-05-01 09:33:18.641256,200.855,330
BAC,2019-05-01 09:33:18.729506,30.73,170
CVX,2019-05-01 09:33:19.132200,120.08,460
BAC,2019-05-01 09:33:19.303025,30.74,80
AAPL,2019-05-01 09:33:19.552214,200.89,160
BAC,2019-05-01 09:33:19.628760,30.78,290
CVX,2019-05-01 09:33:19.986036,120.075,350
BAC,2019-05-01 09:33:20.385524,30.74,160
AAPL,2019-05-01 09:33:20.428486,200.91,160
CVX,2019-05-01 09:33:20.798519,120.06,320
AAPL,2019-05-01 09:33:20.941048,200.8976,120
BAC,2019-05-01 09:33:21.001829,30.695,100
AAPL,2019-05-01 09:33:21.076283,200.825,130
CVX,2019-05-01 09:33:21.094236,120.04,530
CVX,2019-05-01 09:33:21.264635,120.08,270
CVX,2019-05-01 09:33:21.335071,119.995,290
BAC,2019-05-01 09:33:21.359730,30.73,150
AAPL,2019-05-01 09:33:21.731062,200.91,180
CVX,2019-05-01 09:33:21.836663,120.005,530
CVX,2019-05-01 09:33:21.904918,120.01,360
BAC,2019-05-01 09:33:22.051526,30.67,520
CVX,2019-05-01 09:33:22.614096,119.92,420
AAPL,2019-05-01 09:33:22.721285,200.82,140
AAPL,2019-05-01 09:33:22.841869,200.83,140
CVX,2019-05-01 09:33:22.913788,120.0149,300
BAC,2019-05-01 09:33:23.019186,30.58,500
BAC,2019-05-01 09:33:23.221346,30.5801,280
BAC,2019-05-01 09:33:23.529569,30.585,190
CVX,2019-05-01 09:33:23.602652,120.005,340
AAPL,2019-05-01 09:33:23.839713,200.8451,110
BAC,2019-05-01 09:33:23.900833,30.58,260
BAC,2019-05-01 09:33:24.170761,30.565,320
CVX,2019-05-01 09:33:24.337593,119.965,430
AAPL,2019-05-01 09:33:24.513742,200.769,150
AAPL,2019-05-01 09:33:24.761905,200.845,110
BAC,2019-05-01 09:33:24.779735,30.5471,220
CVX,2019-05-01 09:33:25.180929,119.88,260
BAC,2019-05-01 09:33:25.289263,30.54,240
CVX,2019-05-01 09:33:25.374251,119.83,170
AAPL,2019-05-01 09:33:25.482682,200.78,80
CVX,2019-05-01 09:33:25.546754,119.76,240
CVX,2019-05-01 09:33:25.579707,119.81,220
CVX,2019-05-01 09:33:25.745670,119.7,850
AAPL,2019-05-01 09:33:26.110050,200.82,80
BAC,2019-05-01 09:33:26.210462,30.535,50
BAC,2019-05-01 09:33:26.494625,30.53,100
CVX,2019-05-01 09:33:26.605380,119.66,310
CVX,2019-05-01 09:33:27.029157,119.68,290
AAPL,2019-05-01 09:33:27.070812,200.88,120
CVX,2019-05-01 09:33:27.173388,119.78,200
BAC,2019-05-01 09:33:27.368663,30.525,260
AAPL,2019-05-01 09:33:27.628048,200.935,100
BAC,2019-05-01 09:33:27.822310,30.53,160
CVX,2019-05-01 09:33:28.133082,119.81,180
AAPL,2019-05-01 09:33:28.387344,200.8501,120
BAC,2019-05-01 09:33:28.652075,30.535,160
CVX,2019-05-01 09:33:29.068868,119.805,140
BAC,2019-05-01 09:33:29.076526,30.525,60
AAPL,2019-05-01 09:33:29.256030,200.77,80
CVX,2019-05-01 09:33:29.901043,119.7733,460
BAC,2019-05-01 09:33:29.925884,30.515,100
AAPL,2019-05-01 09:33:30.019300,200.65,340
CVX,2019-05-01 09:33:30.598357,119.79,130
CVX,2019-05-01 09:33:30.710716,119.79,260
AAPL,2019-05-01 09:33:30.886211,200.59,70
BAC,2019-05-01 09:33:30.910010,30.525,80
AAPL,2019-05-01 09:33:31.274318,200.63,120
CVX,2019-05-01 09:33:31.515138,119.86,210
BAC,2019-05-01 09:33:31.536269,30.525,130
AAPL,2019-05-01 09:33:32.061006,200.6,80
AAPL,2019-05-01 09:33:32.115724,200.7801,120
CVX,2019-05-01 09:33:32.217248,119.96,340
BAC,2019-05-01 09:33:32.356692,30.54,60
BAC,2019-05-01 09:33:32.443850,30.555,300
AAPL,2019-05-01 09:33:32.466840,200.85,90
AAPL,2019-05-01 09:33:32.505748,200.84,100
AAPL,2019-05-01 09:33:32.604602,200.9043,140
CVX,2019-05-01 09:33:32.850259,120.015,250
BAC,2019-05-01 09:33:33.159097,30.55,90
AAPL,2019-05-01 09:33:33.507150,200.7078,100
BAC,2019-05-01 09:33:33.644667,30.545,40
CVX,2019-05-01 09:33:33.760338,120.1,260
CVX,2019-05-01 09:33:33.852680,119.99,190
BAC,2019-05-01 09:33:33.888313,30.535,60
AAPL,2019-05-01 09:33:33.908454,200.76,120
CVX,2019-05-01 09:33:34.017603,119.935,260
BAC,2019-05-01 09:33:34.055585,30.535,130
BAC,2019-05-01 09:33:34.446694,30.53,110
AAPL,2019-05-01 09:33:34.686184,200.95,100
CVX,2019-05-01 09:33:34.948505,119.95,130
BAC,2019-05-01 09:33:35.395044,30.535,50
CVX,2019-05-01 09:33:35.482385,119.9201,160
AAPL,2019-05-01 09:33:35.541671,201.0,50
BAC,2019-05-01 09:33:35.554517,30.535,80
BAC,2019-05-01 09:33:35.973233,30.535,100
AAPL,2019-05-01 09:33:36.146693,201.0,60
BAC,2019-05-01 09:33:36.168381,30.525,110
CVX,2019-05-01 09:33:36.189000,120.01,140
CVX,2019-05-01 09:33:36.347937,120.01,290
BAC,2019-05-01 09:33:36.742266,30.515,100
AAPL,2019-05-01 09:33:36.841955,200.9549,50
AAPL,2019-05-01 09:33:36.894868,201.03,50
CVX,2019-05-01 09:33:37.029023,120.05,170
AAPL,2019-05-01 09:33:37.379489,201.06,60
CVX,2019-05-01 09:33:37.388615,120.07,260
BAC,2019-05-01 09:33:37.584627,30.505,90
CVX,2019-05-01 09:33:37.909369,119.99,200
BAC,2019-05-01 09:33:38.207574,30.51,120
AAPL,2019-05-01 09:33:38.264777,201.15900000000002,30
AAPL,2019-05-01 09:33:38.740546,201.23,50
CVX,2019-05-01 09:33:38.769573,119.97,150
BAC,2019-05-01 09:33:38.780365,30.5,180
CVX,2019-05-01 09:33:39.393129,120.00200000000001,80
AAPL,2019-05-01 09:33:39.423474,201.2299,80
BAC,2019-05-01 09:33:39.463632,30.505,420
AAPL,2019-05-01 09:33:39.698863,201.1501,70
BAC,2019-05-01 09:33:39.806100,30.49,110
CVX,2019-05-01 09:33:40.382160,120.04,100
AAPL,2019-05-01 09:33:40.388206,201.2,50
BAC,2019-05-01 09:33:40.645618,30.51,30
BAC,2019-05-01 09:33:40.841492,30.5131,100
CVX,2019-05-01 09:33:40.902518,120.01,160
AAPL,2019-05-01 09:33:41.177503,201.145,40
CVX,2019-05-01 09:33:41.261071,120.05,120
BAC,2019-05-01 09:33:41.376630,30.54,20
AAPL,2019-05-01 09:33:41.396810,201.2311,90
BAC,2019-05-01 09:33:41.457863,30.53,80
CVX,2019-05-01 09:33:41.776544,120.035,80
AAPL,2019-05-01 09:33:42.040670,201.14,50
CVX,2019-05-01 09:33:42.061413,120.07,150
BAC,2019-05-01 09:33:42.070631,30.5547,20
AAPL,2019-05-01 09:33:42.120346,201.16,80
BAC,2019-05-01 09:33:42.295424,30.54,50
AAPL,2019-05-01 09:33:42.610445,201.02,60
CVX,2019-05-01 09:33:42.690521,120.05,60
BAC,2019-05-01 09:33:42.824511,30.56,130
AAPL,2019-05-01 09:33:42.982046,201.01,90
AAPL,2019-05-01 09:33:43.237334,201.01,70
AAPL,2019-05-01 09:33:43.362366,201.1232,50
CVX,2019-05-01 09:33:43.529200,120.06,110
BAC,2019-05-01 09:33:43.595441,30.54,190
AAPL,2019-05-01 09:33:43.742010,201.2,110
AAPL,2019-05-01 09:33:43.783521,201.2275,70
AAPL,2019-05-01 09:33:43.892120,201.19,70
BAC,2019-05-01 09:33:43.991856,30.51,50
BAC,2019-05-01 09:33:44.079407,30.53,60
CVX,2019-05-01 09:33:44.089568,120.01,140
AAPL,2019-05-01 09:33:44.252634,201.24400000000003,70
CVX,2019-05-01 09:33:44.504957,120.02,90
BAC,2019-05-01 09:33:44.652927,30.53,120
AAPL,2019-05-01 09:33:44.723473,201.09,70
BAC,2019-05-01 09:33:44.816239,30.55,150
CVX,2019-05-01 09:33:44.946233,120.061,100
BAC,2019-05-01 09:33:45.234248,30.555,10
AAPL,2019-05-01 09:33:45.383601,200.96,100
BAC,2019-05-01 09:33:45.642027,30.55,50
CVX,2019-05-01 09:33:45.917150,120.06,110
BAC,2019-05-01 09:33:46.113020,30.5699,10
CVX,2019-05-01 09:33:46.129857,120.095,100
CVX,2019-05-01 09:33:46.155430,120.11,70
AAPL,2019-05-01 09:33:46.327931,200.9999,70
CVX,2019-05-01 09:33:46.724255,120.14,140
AAPL,2019-05-01 09:33:46.845599,200.9116,60
CVX,2019-05-01 09:33:46.867548,120.17,60
BAC,2019-05-01 09:33:46.937037,30.56,110
BAC,2019-05-01 09:33:47.364486,30.56,50
CVX,2019-05-01 09:33:47.473718,120.21799999999999,120
AAPL,2019-05-01 09:33:47.687451,200.88,150
CVX,2019-05-01 09:33:47.828722,120.205,50
BAC,2019-05-01 09:33:47.864199,30.58,60
BAC,2019-05-01 09:33:48.206505,30.57,60
BAC,2019-05-01 09:33:48.394869,30.58,60
AAPL,2019-05-01 09:33:48.572675,201.06,30
CVX,2019-05-01 09:33:48.590992,120.2,90
AAPL,2019-05-01 09:33:48.635045,201.1146,30
CVX,2019-05-01 09:33:49.200213,120.24,150
AAPL,2019-05-01 09:33:49.226641,201.135,40
BAC,2019-05-01 09:33:49.307486,30.5734,120
CVX,2019-05-01 09:33:49.974002,120.25,90
BAC,2019-05-01 09:33:49.984606,30.5717,20
BAC,2019-05-01 09:33:50.025977,30.57,120
BAC,2019-05-01 09:33:50.035794,30.565,40
AAPL,2019-05-01 09:33:50.171974,201.1,60
AAPL,2019-05-01 09:33:50.361658,201.17,40
BAC,2019-05-01 09:33:50.632253,30.56,90
CVX,2019-05-01 09:33:50.925593,120.27,80
CVX,2019-05-01 09:33:51.008425,120.28,80
AAPL,2019-05-01 09:33:51.215407,201.1642,50
CVX,2019-05-01 09:33:51.251320,120.24,200
BAC,2019-05-01 09:33:51.400618,30.575,230
CVX,2019-05-01 09:33:51.445306,120.245,90
AAPL,2019-05-01 09:33:51.968895,201.16,40
CVX,2019-05-01 09:33:52.073957,120.21,90
BAC,2019-05-01 09:33:52.263391,30.57,200
AAPL,2019-05-01 09:33:52.269047,201.27,60
CVX,2019-05-01 09:33:52.521507,120.225,130
AAPL,2019-05-01 09:33:52.869404,201.37,40
AAPL,2019-05-01 09:33:53.103157,201.42,60
BAC,2019-05-01 09:33:53.111647,30.57,150
CVX,2019-05-01 09:33:53.243388,120.195,70
CVX,2019-05-01 09:33:53.824556,120.23,90
AAPL,2019-05-01 09:33:53.918510,201.3964,90
BAC,2019-05-01 09:33:54.026715,30.57,10
AAPL,2019-05-01 09:33:54.040587,201.38,80
AAPL,2019-05-01 09:33:54.066615,201.33,80
CVX,2019-05-01 09:33:54.200641,120.205,80
AAPL,2019-05-01 09:33:54.507868,201.3331,170
BAC,2019-05-01 09:33:54.691213,30.575,110
CVX,2019-05-01 09:33:55.199865,120.175,160
AAPL,2019-05-01 09:33:55.218350,201.27,40
BAC,2019-05-01 09:33:55.295347,30.585,120
BAC,2019-05-01 09:33:55.423171,30.565,120
BAC,2019-05-01 09:33:55.499966,30.545,30
AAPL,2019-05-01 09:33:55.788860,201.18,60
CVX,2019-05-01 09:33:56.086640,120.17,100
BAC,2019-05-01 09:33:56.106815,30.535,20
AAPL,2019-05-01 09:33:56.768440,201.15,50
CVX,2019-05-01 09:33:56.891044,120.22,100
BAC,2019-05-01 09:33:56.983806,30.5423,80
CVX,2019-05-01 09:33:57.025089,120.17,80
AAPL,2019-05-01 09:33:57.029891,201.16,30
CVX,2019-05-01 09:33:57.606826,120.19,150
AAPL,2019-05-01 09:33:57.694104,201.16400000000002,50
CVX,2019-05-01 09:33:57.697093,120.18,40
AAPL,2019-05-01 09:33:57.724888,201.2,30
BAC,2019-05-01 09:33:57.953903,30.53,80
BAC,2019-05-01 09:33:57.968693,30.5455,60
AAPL,2019-05-01 09:33:57.977219,201.1,60
BAC,2019-05-01 09:33:58.387796,30.56,80
AAPL,2019-05-01 09:33:58.440145,201.1102,40
BAC,2019-05-01 09:33:58.514901,30.5569,120
CVX,2019-05-01 09:33:58.556129,120.22,240
BAC,2019-05-01 09:33:58.736674,30.55,140
BAC,2019-05-01 09:33:59.105605,30.53,70
AAPL,2019-05-01 09:33:59.259190,201.065,30
CVX,2019-05-01 09:33:59.279956,120.26,350
BAC,2019-05-01 09:33:59.340181,30.53,30
BAC,2019-05-01 09:33:59.361697,30.53,30
CVX,2019-05-01 09:33:59.571110,120.15,80
BAC,2019-05-01 09:33:59.661987,30.54,20
AAPL,2019-05-01 09:33:59.720072,201.12,40
BAC,2019-05-01 09:33:59.885358,30.5585,30
CVX,2019-05-01 09:33:59.963429,120.25,260
AAPL,2019-05-01 09:34:00.485339,201.13,40
AAPL,2019-05-01 09:34:00.641177,201.16,20
BAC,2019-05-01 09:34:00.744963,30.565,50
CVX,2019-05-01 09:34:00.902948,120.22,60
BAC,2019-05-01 09:34:00.925585,30.5557,140
BAC,2019-05-01 09:34:01.286809,30.565,80
AAPL,2019-05-01 09:34:01.486410,201.34,40
CVX,2019-05-01 09:34:01.674403,120.21,170
BAC,2019-05-01 09:34:01.687491,30.565,90
BAC,2019-05-01 09:34:02.165381,30.55,80
AAPL,2019-05-01 09:34:02.217737,201.21,80
AAPL,2019-05-01 09:34:02.478366,201.33,60
CVX,2019-05-01 09:34:02.529803,120.13,50
BAC,2019-05-01 09:34:02.620515,30.551,130
CVX,2019-05-01 09:34:03.022048,120.16,170
AAPL,2019-05-01 09:34:03.201364,201.36,40
AAPL,2019-05-01 09:34:03.246654,201.45,100
AAPL,2019-05-01 09:34:03.377487,201.355,40
BAC,2019-05-01 09:34:03.573744,30.55,50
BAC,2019-05-01 09:34:03.662801,30.56,10
CVX,2019-05-01 09:34:03.674360,120.13,70
BAC,2019-05-01 09:34:03.846553,30.57,60
CVX,2019-05-01 09:34:04.190662,120.21,220
BAC,2019-05-01 09:34:04.244775,30.5623,80
AAPL,2019-05-01 09:34:04.369634,201.36700000000002,50
AAPL,2019-05-01 09:34:04.593510,201.31,50
BAC,2019-05-01 09:34:04.953082,30.58,20
CVX,2019-05-01 09:34:05.055088,120.31,280
AAPL,2019-05-01 09:34:05.186438,201.34,30
BAC,2019-05-01 09:34:05.412528,30.575,40
BAC,2019-05-01 09:34:05.550916,30.5833,40
AAPL,2019-05-01 09:34:05.748880,201.29,30
CVX,2019-05-01 09:34:05.928748,120.23,250
CVX,2019-05-01 09:34:06.180860,120.31,210
CVX,2019-05-01 09:34:06.320049,120.315,60
BAC,2019-05-01 09:34:06.415610,30.58,40
BAC,2019-05-01 09:34:06.447936,30.5769,10
CVX,2019-05-01 09:34:06.604169,120.29,60
AAPL,2019-05-01 09:34:06.677378,201.29,30
CVX,2019-05-01 09:34:06.803927,120.2632,140
AAPL,2019-05-01 09:34:06.993470,201.35,80
CVX,2019-05-01 09:34:06.993592,120.25,250
BAC,2019-05-01 09:34:07.194678,30.57,60
CVX,2019-05-01 09:34:07.206147,120.2449,70
AAPL,2019-05-01 09:34:07.758660,201.45,20
BAC,2019-05-01 09:34:07.775210,30.58,10
CVX,2019-05-01 09:34:07.780565,120.32,270
AAPL,2019-05-01 09:34:07.817232,201.47,160
CVX,2019-05-01 09:34:07.818971,120.369,180
CVX,2019-05-01 09:34:07.861649,120.3248,210
CVX,2019-05-01 09:34:08.299435,120.31,230
AAPL,2019-05-01 09:34:08.391242,201.43,50
BAC,2019-05-01 09:34:08.518791,30.58,120
CVX,2019-05-01 09:34:08.641226,120.26,160
AAPL,2019-05-01 09:34:09.244055,201.3523,50
BAC,2019-05-01 09:34:09.250538,30.57,30
AAPL,2019-05-01 09:34:09.340123,201.266,30
AAPL,2019-05-01 09:34:09.343786,201.27,30
CVX,2019-05-01 09:34:09.500921,120.171,140
CVX,2019-05-01 09:34:09.586008,120.1565,970
CVX,2019-05-01 09:34:10.226070,120.17,230
BAC,2019-05-01 09:34:10.248850,30.58,90
AAPL,2019-05-01 09:34:10.291513,201.27,40
BAC,2019-05-01 09:34:10.532888,30.59,60
CVX,2019-05-01 09:34:10.650435,120.17,130
AAPL,2019-05-01 09:34:10.732147,201.34599999999998,40
CVX,2019-05-01 09:34:10.877025,120.12,160
BAC,2019-05-01 09:34:11.028913,30.590999999999998,10
AAPL,2019-05-01 09:34:11.336809,201.27,40
CVX,2019-05-01 09:34:11.370248,120.12,340
CVX,2019-05-01 09:34:11.728495,120.01,280
AAPL,2019-05-01 09:34:11.867051,201.27,30
BAC,2019-05-01 09:34:12.000957,30.5916,50
AAPL,2019-05-01 09:34:12.063539,201.2,60
AAPL,2019-05-01 09:34:12.177769,201.14,40
BAC,2019-05-01 09:34:12.594661,30.58,70
CVX,2019-05-01 09:34:12.631844,119.96,180
CVX,2019-05-01 09:34:12.688572,119.99,130
CVX,2019-05-01 09:34:12.837244,119.99,540
AAPL,2019-05-01 09:34:13.084834,201.06,90
AAPL,2019-05-01 09:34:13.300780,201.24,40
BAC,2019-05-01 09:34:13.396227,30.58,20
AAPL,2019-05-01 09:34:13.690820,201.27,30
CVX,2019-05-01 09:34:13.835831,120.01,340
AAPL,2019-05-01 09:34:14.061614,201.2849,80
CVX,2019-05-01 09:34:14.107374,120.01,170
BAC,2019-05-01 09:34:14.109139,30.583000000000002,100
AAPL,2019-05-01 09:34:14.740855,201.3,80
BAC,2019-05-01 09:34:15.032670,30.575,40
CVX,2019-05-01 09:34:15.059815,119.98,70
BAC,2019-05-01 09:34:15.087940,30.59,30
BAC,2019-05-01 09:34:15.217689,30.59,70
AAPL,2019-05-01 09:34:15.437408,201.2464,110
AAPL,2019-05-01 09:34:15.516003,201.24,80
AAPL,2019-05-01 09:34:15.673670,201.2664,90
BAC,2019-05-01 09:34:15.799090,30.585,50
CVX,2019-05-01 09:34:15.866817,119.97,110
AAPL,2019-05-01 09:34:16.093387,201.33,60
CVX,2019-05-01 09:34:16.312540,119.96,80
BAC,2019-05-01 09:34:16.374935,30.57,50
AAPL,2019-05-01 09:34:16.484495,201.3068,60
BAC,2019-05-01 09:34:16.535030,30.56,60
CVX,2019-05-01 09:34:16.745230,119.9997,120
AAPL,2019-05-01 09:34:16.892375,201.3617,80
AAPL,2019-05-01 09:34:16.923293,201.2632,40
BAC,2019-05-01 09:34:17.012435,30.57,30
CVX,2019-05-01 09:34:17.475825,120.0473,170
AAPL,2019-05-01 09:34:17.742969,201.27,90
CVX,2019-05-01 09:34:17.745788,120.07,190
BAC,2019-05-01 09:34:17.760680,30.585,30
AAPL,2019-05-01 09:34:17.937397,201.22,60
AAPL,2019-05-01 09:34:18.397659,201.1258,20
CVX,2019-05-01 09:34:18.514538,120.07,160
BAC,2019-05-01 09:34:18.690666,30.5849,30
BAC,2019-05-01 09:34:18.712699,30.575,60
AAPL,2019-05-01 09:34:18.737065,201.0556,40
AAPL,2019-05-01 09:34:19.219602,201.0613,40
CVX,2019-05-01 09:34:19.243580,120.06,110
CVX,2019-05-01 09:34:19.297380,120.0163,180
CVX,2019-05-01 09:34:19.396482,120.0,260
BAC,2019-05-01 09:34:19.518456,30.570999999999998,70
AAPL,2019-05-01 09:34:19.661925,201.11,30
BAC,2019-05-01 09:34:19.692787,30.575,40
AAPL,2019-05-01 09:34:19.848465,201.085,40
CVX,2019-05-01 09:34:19.949090,119.945,180
AAPL,2019-05-01 09:34:20.147449,201.085,50
BAC,2019-05-01 09:34:20.155860,30.56,210
AAPL,2019-05-01 09:34:20.515970,201.17,90
CVX,2019-05-01 09:34:20.648064,119.94,260
AAPL,2019-05-01 09:34:20.759797,201.23,70
BAC,2019-05-01 09:34:20.811556,30.57,40
BAC,2019-05-01 09:34:21.100339,30.58,40
CVX,2019-05-01 09:34:21.250489,119.9417,250
AAPL,2019-05-01 09:34:21.306288,201.2,160
BAC,2019-05-01 09:34:21.367056,30.58,100
BAC,2019-05-01 09:34:21.611226,30.5562,60
BAC,2019-05-01 09:34:21.700050,30.555,160
CVX,2019-05-01 09:34:21.941208,119.965,260
AAPL,2019-05-01 09:34:22.042051,201.195,80
AAPL,2019-05-01 09:34:22.465943,201.06,100
BAC,2019-05-01 09:34:22.657433,30.5439,30
CVX,2019-05-01 09:34:22.756158,119.91,240
CVX,2019-05-01 09:34:22.979188,119.89,710
CVX,2019-05-01 09:34:23.003810,119.92,800
AAPL,2019-05-01 09:34:23.272212,200.96,40
BAC,2019-05-01 09:34:23.410745,30.56,120
CVX,2019-05-01 09:34:23.968534,119.895,400
AAPL,2019-05-01 09:34:24.013120,200.88,20
AAPL,2019-05-01 09:34:24.112749,200.87,30
BAC,2019-05-01 09:34:24.351255,30.575,110
CVX,2019-05-01 09:34:24.830658,120.02,220
AAPL,2019-05-01 09:34:24.913910,200.85,80
BAC,2019-05-01 09:34:24.968909,30.5531,50
CVX,2019-05-01 09:34:25.352352,120.11,200
AAPL,2019-05-01 09:34:25.439634,200.8797,30
AAPL,2019-05-01 09:34:25.556960,200.895,30
CVX,2019-05-01 09:34:25.657458,120.225,260
BAC,2019-05-01 09:34:25.868863,30.57,20
AAPL,2019-05-01 09:34:25.969943,200.81,20
BAC,2019-05-01 09:34:25.974576,30.58,90
CVX,2019-05-01 09:34:26.042904,120.3,380
CVX,2019-05-01 09:34:26.155581,120.39,170
BAC,2019-05-01 09:34:26.241481,30.6028,170
AAPL,2019-05-01 09:34:26.278197,200.8134,40
BAC,2019-05-01 09:34:26.298083,30.59,80
BAC,2019-05-01 09:34:26.563675,30.615,30
AAPL,2019-05-01 09:34:26.856707,200.78,20
AAPL,2019-05-01 09:34:26.933160,200.76,40
CVX,2019-05-01 09:34:26.948182,120.4834,260
AAPL,2019-05-01 09:34:27.382840,200.83,70
BAC,2019-05-01 09:34:27.560164,30.61,40
CVX,2019-05-01 09:34:27.724921,120.525,210
BAC,2019-05-01 09:34:28.340582,30.615,50
AAPL,2019-05-01 09:34:28.362639,200.7348,40
CVX,2019-05-01 09:34:28.405238,120.57,260
CVX,2019-05-01 09:34:28.429030,120.575,190
BAC,2019-05-01 09:34:28.637284,30.605,90
CVX,2019-05-01 09:34:29.002739,120.54,220
CVX,2019-05-01 09:34:29.161510,120.5725,70
BAC,2019-05-01 09:34:29.261943,30.595,70
AAPL,2019-05-01 09:34:29.338211,200.75,50
BAC,2019-05-01 09:34:29.473438,30.61,60
BAC,2019-05-01 09:34:29.685155,30.605,60
CVX,2019-05-01 09:34:29.704973,120.6,130
AAPL,2019-05-01 09:34:29.779455,200.59,20
CVX,2019-05-01 09:34:29.850528,120.585,100
CVX,2019-05-01 09:34:29.877766,120.62,80
BAC,2019-05-01 09:34:29.889101,30.6,60
CVX,2019-05-01 09:34:30.268199,120.5965,80
CVX,2019-05-01 09:34:30.347804,120.655,80
AAPL,2019-05-01 09:34:30.391201,200.66,20
AAPL,2019-05-01 09:34:30.531610,200.5,40
CVX,2019-05-01 09:34:30.592645,120.655,70
BAC,2019-05-01 09:34:30.699130,30.58,30
BAC,2019-05-01 09:34:30.789232,30.5928,110
BAC,2019-05-01 09:34:30.972786,30.62,30
CVX,2019-05-01 09:34:31.423097,120.64,80
AAPL,2019-05-01 09:34:31.465699,200.5765,20
BAC,2019-05-01 09:34:31.585326,30.6101,40
AAPL,2019-05-01 09:34:32.158021,200.67,90
CVX,2019-05-01 09:34:32.161259,120.685,60
AAPL,2019-05-01 09:34:32.255649,200.604,40
BAC,2019-05-01 09:34:32.413558,30.61,40
AAPL,2019-05-01 09:34:32.423266,200.6999,30
BAC,2019-05-01 09:34:32.584210,30.605,110
CVX,2019-05-01 09:34:32.763906,120.64,100
CVX,2019-05-01 09:34:33.091170,120.6136,170
BAC,2019-05-01 09:34:33.270516,30.605,130
AAPL,2019-05-01 09:34:33.313126,200.71,60
AAPL,2019-05-01 09:34:33.338721,200.5999,30
CVX,2019-05-01 09:34:33.342505,120.59,350
AAPL,2019-05-01 09:34:33.706855,200.65,20
CVX,2019-05-01 09:34:33.747559,120.61,370
CVX,2019-05-01 09:34:33.968686,120.505,200
BAC,2019-05-01 09:34:34.110835,30.5919,70
AAPL,2019-05-01 09:34:34.280539,200.6913,20
CVX,2019-05-01 09:34:34.376988,120.46,380
BAC,2019-05-01 09:34:34.767217,30.595,70
AAPL,2019-05-01 09:34:34.950838,200.72,100
CVX,2019-05-01 09:34:34.995115,120.49,400
BAC,2019-05-01 09:34:35.500336,30.555,70
CVX,2019-05-01 09:34:35.575190,120.55,100
AAPL,2019-05-01 09:34:35.734715,200.57,90
BAC,2019-05-01 09:34:35.749108,30.554000000000002,40
AAPL,2019-05-01 09:34:36.114666,200.56,60
CVX,2019-05-01 09:34:36.366497,120.59,160
BAC,2019-05-01 09:34:36.413750,30.545,80
AAPL,2019-05-01 09:34:36.418124,200.54,60
CVX,2019-05-01 09:34:37.064675,120.555,400
BAC,2019-05-01 09:34:37.129632,30.565,140
AAPL,2019-05-01 09:34:37.279942,200.42,30
AAPL,2019-05-01 09:34:37.560860,200.3882,50
BAC,2019-05-01 09:34:37.707018,30.565,20
BAC,2019-05-01 09:34:37.892417,30.576999999999998,40
AAPL,2019-05-01 09:34:37.927192,200.35,50
BAC,2019-05-01 09:34:37.981071,30.565,40
CVX,2019-05-01 09:34:37.985175,120.575,170
BAC,2019-05-01 09:34:38.011902,30.5645,10
BAC,2019-05-01 09:34:38.266967,30.5599,50
BAC,2019-05-01 09:34:38.302559,30.555,30
AAPL,2019-05-01 09:34:38.472477,200.31,100
AAPL,2019-05-01 09:34:38.550776,200.365,40
AAPL,2019-05-01 09:34:38.702211,200.46,40
BAC,2019-05-01 09:34:38.708096,30.565,60
CVX,2019-05-01 09:34:38.758938,120.54,90
CVX,2019-05-01 09:34:39.221165,120.53,450
AAPL,2019-05-01 09:34:39.505854,200.51,30
AAPL,2019-05-01 09:34:39.687387,200.45,40
BAC,2019-05-01 09:34:39.690593,30.565,10
CVX,2019-05-01 09:34:40.052418,120.54,60
BAC,2019-05-01 09:34:40.270050,30.56,20
AAPL,2019-05-01 09:34:40.577272,200.53,80
CVX,2019-05-01 09:34:40.874526,120.515,150
CVX,2019-05-01 09:34:41.032361,120.515,100
AAPL,2019-05-01 09:34:41.205673,200.66,30
BAC,2019-05-01 09:34:41.227565,30.56,70
CVX,2019-05-01 09:34:41.562786,120.515,110
AAPL,2019-05-01 09:34:41.613046,200.71,30
BAC,2019-05-01 09:34:41.759653,30.57,40
AAPL,2019-05-01 09:34:41.980722,200.679,330
CVX,2019-05-01 09:34:41.984794,120.495,130
AAPL,2019-05-01 09:34:42.465195,200.89,20
CVX,2019-05-01 09:34:42.506801,120.51,60
BAC,2019-05-01 09:34:42.541738,30.57,40
CVX,2019-05-01 09:34:42.651924,120.49,150
BAC,2019-05-01 09:34:42.688379,30.565,100
AAPL,2019-05-01 09:34:42.716957,200.81,40
BAC,2019-05-01 09:34:42.909660,30.545,40
AAPL,2019-05-01 09:34:43.261691,200.83,130
BAC,2019-05-01 09:34:43.363567,30.535,20
CVX,2019-05-01 09:34:43.485294,120.53,90
AAPL,2019-05-01 09:34:43.824643,200.875,20
BAC,2019-05-01 09:34:44.103405,30.53,50
CVX,2019-05-01 09:34:44.121996,120.545,210
CVX,2019-05-01 09:34:44.170633,120.48,130
AAPL,2019-05-01 09:34:44.286802,200.9,50
CVX,2019-05-01 09:34:44.325160,120.4,100
AAPL,2019-05-01 09:34:44.489183,200.92,50
AAPL,2019-05-01 09:34:44.573827,200.79,30
BAC,2019-05-01 09:34:44.835948,30.53,60
CVX,2019-05-01 09:34:45.042080,120.32,70
AAPL,2019-05-01 09:34:45.410524,200.7466,50
BAC,2019-05-01 09:34:45.481540,30.5551,80
CVX,2019-05-01 09:34:45.594021,120.35,110
AAPL,2019-05-01 09:34:46.115064,200.512,30
CVX,2019-05-01 09:34:46.228431,120.355,140
AAPL,2019-05-01 09:34:46.284802,200.545,20
BAC,2019-05-01 09:34:46.410344,30.5538,20
CVX,2019-05-01 09:34:46.542562,120.3,50
CVX,2019-05-01 09:34:46.693779,120.3114,90
BAC,2019-05-01 09:34:46.795919,30.55,20
BAC,2019-05-01 09:34:47.087255,30.5365,30
AAPL,2019-05-01 09:34:47.103778,200.53,30
CVX,2019-05-01 09:34:47.292665,120.31,110
CVX,2019-05-01 09:34:47.326933,120.37,40
BAC,2019-05-01 09:34:47.652492,30.54,110
CVX,2019-05-01 09:34:47.902711,120.34,50
BAC,2019-05-01 09:34:48.003944,30.555,10
AAPL,2019-05-01 09:34:48.071997,200.4992,50
BAC,2019-05-01 09:34:48.263200,30.5525,50
AAPL,2019-05-01 09:34:48.832835,200.55,60
CVX,2019-05-01 09:34:48.863595,120.34,60
BAC,2019-05-01 09:34:49.249376,30.55,10
CVX,2019-05-01 09:34:49.370023,120.3102,40
AAPL,2019-05-01 09:34:49.571171,200.48,50
BAC,2019-05-01 09:34:49.579528,30.545,20
BAC,2019-05-01 09:34:49.919278,30.545,50
CVX,2019-05-01 09:34:50.122832,120.28,100
AAPL,2019-05-01 09:34:50.411912,200.32,20
AAPL,2019-05-01 09:34:50.456913,200.3953,90
BAC,2019-05-01 09:34:50.519393,30.535,80
AAPL,2019-05-01 09:34:50.808925,200.3053,70
CVX,2019-05-01 09:34:50.962521,120.28,190
AAPL,2019-05-01 09:34:50.970277,200.21099999999998,80
AAPL,2019-05-01 09:34:51.209349,200.3,70
BAC,2019-05-01 09:34:51.237170,30.51,50
AAPL,2019-05-01 09:34:51.267501,200.42,30
AAPL,2019-05-01 09:34:51.305793,200.47,60
CVX,2019-05-01 09:34:51.503986,120.21,500
BAC,2019-05-01 09:34:51.569054,30.49,20
AAPL,2019-05-01 09:34:51.833093,200.55,40
AAPL,2019-05-01 09:34:52.159003,200.49,40
BAC,2019-05-01 09:34:52.268154,30.48,50
CVX,2019-05-01 09:34:52.498494,120.21,150
BAC,2019-05-01 09:34:52.761019,30.48,60
CVX,2019-05-01 09:34:52.855604,120.23,100
AAPL,2019-05-01 09:34:52.901861,200.49400000000003,70
CVX,2019-05-01 09:34:53.042502,120.25,240
BAC,2019-05-01 09:34:53.191666,30.51,30
AAPL,2019-05-01 09:34:53.496940,200.5803,300
AAPL,2019-05-01 09:34:53.583237,200.65,60
BAC,2019-05-01 09:34:53.980173,30.495,40
CVX,2019-05-01 09:34:54.038378,120.2,360
AAPL,2019-05-01 09:34:54.111986,200.805,40
CVX,2019-05-01 09:34:54.306428,120.25,290
CVX,2019-05-01 09:34:54.333846,120.26,270
AAPL,2019-05-01 09:34:54.537233,200.76,20
AAPL,2019-05-01 09:34:54.550821,200.75,10
CVX,2019-05-01 09:34:54.732472,120.38,160
BAC,2019-05-01 09:34:54.845742,30.485,20
AAPL,2019-05-01 09:34:55.341129,200.6593,60
CVX,2019-05-01 09:34:55.443318,120.27,1140
BAC,2019-05-01 09:34:55.609772,30.495,50
AAPL,2019-05-01 09:34:55.770099,200.79,20
BAC,2019-05-01 09:34:56.117942,30.49,40
AAPL,2019-05-01 09:34:56.320749,200.71,40
CVX,2019-05-01 09:34:56.382867,120.1,530
BAC,2019-05-01 09:34:56.542967,30.4727,80
AAPL,2019-05-01 09:34:56.726804,200.72,20
BAC,2019-05-01 09:34:56.733032,30.48,70
AAPL,2019-05-01 09:34:57.040408,200.7037,20
CVX,2019-05-01 09:34:57.210255,120.175,690
BAC,2019-05-01 09:34:57.397230,30.485,20
AAPL,2019-05-01 09:34:57.485703,200.6907,50
AAPL,2019-05-01 09:34:57.518603,200.715,60
BAC,2019-05-01 09:34:57.522788,30.48,290
AAPL,2019-05-01 09:34:57.886682,200.8261,20
CVX,2019-05-01 09:34:58.101886,120.26,540
CVX,2019-05-01 09:34:58.142598,120.36,1030
AAPL,2019-05-01 09:34:58.186860,200.78,50
BAC,2019-05-01 09:34:58.200145,30.5,30
AAPL,2019-05-01 09:34:58.342198,200.84,40
CVX,2019-05-01 09:34:58.673807,120.39,400
BAC,2019-05-01 09:34:58.779490,30.505,60
BAC,2019-05-01 09:34:58.913639,30.5,40
AAPL,2019-05-01 09:34:59.317025,200.76,40
CVX,2019-05-01 09:34:59.611390,120.365,250
CVX,2019-05-01 09:34:59.628861,120.4,220
BAC,2019-05-01 09:34:59.675898,30.515,70
BAC,2019-05-01 09:34:59.954820,30.515,40
AAPL,2019-05-01 09:35:00.193881,200.733,20
BAC,2019-05-01 09:35:00.264235,30.52,10
CVX,2019-05-01 09:35:00.432107,120.3,100
AAPL,2019-05-01 09:35:00.485446,200.82,40
AAPL,2019-05-01 09:35:00.588426,200.83,30
AAPL,2019-05-01 09:35:00.829823,200.6839,80
BAC,2019-05-01 09:35:00.916515,30.53,70
CVX,2019-05-01 09:35:01.314438,120.35,120
BAC,2019-05-01 09:35:01.367633,30.505,20
AAPL,2019-05-01 09:35:01.555814,200.7745,60
AAPL,2019-05-01 09:35:01.844871,200.73,60
CVX,2019-05-01 09:35:02.118094,120.36,220
BAC,2019-05-01 09:35:02.120492,30.515,40
CVX,2019-05-01 09:35:02.230346,120.48,250
AAPL,2019-05-01 09:35:02.582842,200.67,50
CVX,2019-05-01 09:35:02.924803,120.525,340
BAC,2019-05-01 09:35:03.063343,30.5,30
AAPL,2019-05-01 09:35:03.290919,200.5967,40
BAC,2019-05-01 09:35:03.428923,30.49,10
AAPL,2019-05-01 09:35:03.595888,200.7159,50
BAC,2019-05-01 09:35:03.769493,30.495,60
CVX,2019-05-01 09:35:03.898533,120.595,140
AAPL,2019-05-01 09:35:03.946979,200.61,50
AAPL,2019-05-01 09:35:03.960350,200.67,60
BAC,2019-05-01 09:35:04.445107,30.51,40
CVX,2019-05-01 09:35:04.485576,120.62,170
CVX,2019-05-01 09:35:04.493748,120.56,130
CVX,2019-05-01 09:35:04.735082,120.51,140
CVX,2019-05-01 09:35:04.768907,120.575,100
AAPL,2019-05-01 09:35:04.771672,200.73,50
BAC,2019-05-01 09:35:05.365255,30.505,100
AAPL,2019-05-01 09:35:05.381221,200.6,50
CVX,2019-05-01 09:35:05.535559,120.59,440
CVX,2019-05-01 09:35:05.733573,120.5,180
BAC,2019-05-01 09:35:05.740986,30.505,60
CVX,2019-05-01 09:35:05.888061,120.59,110
AAPL,2019-05-01 09:35:05.890557,200.585,30
AAPL,2019-05-01 09:35:05.903104,200.59,40
AAPL,2019-05-01 09:35:06.259038,200.59,60
BAC,2019-05-01 09:35:06.431884,30.505,40
CVX,2019-05-01 09:35:06.848983,120.6,240
AAPL,2019-05-01 09:35:07.159277,200.52,30
BAC,2019-05-01 09:35:07.174320,30.49,30
CVX,2019-05-01 09:35:07.473259,120.61,190
BAC,2019-05-01 09:35:07.698107,30.4955,40
AAPL,2019-05-01 09:35:07.777688,200.46,40
AAPL,2019-05-01 09:35:07.841751,200.36,110
AAPL,2019-05-01 09:35:07.965133,200.45,40
BAC,2019-05-01 09:35:08.007800,30.48,170
AAPL,2019-05-01 09:35:08.220645,200.5293,50
CVX,2019-05-01 09:35:08.442438,120.655,190
BAC,2019-05-01 09:35:08.974963,30.4825,40
CVX,2019-05-01 09:35:08.989115,120.67,100
AAPL,2019-05-01 09:35:09.209037,200.5349,40
BAC,2019-05-01 09:35:09.444692,30.495,30
AAPL,2019-05-01 09:35:09.446096,200.6001,40
BAC,2019-05-01 09:35:09.812422,30.505,80
CVX,2019-05-01 09:35:09.893750,120.75,130
AAPL,2019-05-01 09:35:10.341178,200.57,50
CVX,2019-05-01 09:35:10.595831,120.73,100
BAC,2019-05-01 09:35:10.625930,30.5186,40
BAC,2019-05-01 09:35:11.096433,30.5,80
AAPL,2019-05-01 09:35:11.222835,200.4215,20
AAPL,2019-05-01 09:35:11.309656,200.435,30
CVX,2019-05-01 09:35:11.506583,120.81,110
BAC,2019-05-01 09:35:12.020210,30.505,30
AAPL,2019-05-01 09:35:12.150267,200.4,70
CVX,2019-05-01 09:35:12.311874,120.83,230
BAC,2019-05-01 09:35:12.896962,30.51,70
AAPL,2019-05-01 09:35:13.005777,200.63,50
BAC,2019-05-01 09:35:13.175043,30.515,30
CVX,2019-05-01 09:35:13.296785,120.76,190
AAPL,2019-05-01 09:35:13.506087,200.61,40
AAPL,2019-05-01 09:35:13.937417,200.695,60
CVX,2019-05-01 09:35:14.115067,120.71,730
BAC,2019-05-01 09:35:14.162525,30.5014,70
CVX,2019-05-01 09:35:14.247828,120.691,210
BAC,2019-05-01 09:35:14.419033,30.5036,30
AAPL,2019-05-01 09:35:14.587498,200.5848,30
CVX,2019-05-01 09:35:14.648250,120.7,140
CVX,2019-05-01 09:35:15.005717,120.79,90
BAC,2019-05-01 09:35:15.138176,30.51,30
BAC,2019-05-01 09:35:15.197661,30.525,70
AAPL,2019-05-01 09:35:15.323126,200.56,50
AAPL,2019-05-01 09:35:15.417032,200.66,160
CVX,2019-05-01 09:35:15.489272,120.8374,130
BAC,2019-05-01 09:35:15.549457,30.52,20
BAC,2019-05-01 09:35:16.059503,30.52,50
AAPL,2019-05-01 09:35:16.276701,200.59,60
CVX,2019-05-01 09:35:16.345357,120.855,390
CVX,2019-05-01 09:35:16.518476,120.7,220
BAC,2019-05-01 09:35:16.664395,30.515,60
CVX,2019-05-01 09:35:16.927970,120.64,150
AAPL,2019-05-01 09:35:17.269715,200.6678,120
CVX,2019-05-01 09:35:17.313298,120.69,580
BAC,2019-05-01 09:35:17.348330,30.525,10
CVX,2019-05-01 09:35:17.771208,120.62,190
CVX,2019-05-01 09:35:17.780258,120.6,280
AAPL,2019-05-01 09:35:18.060358,200.25,40
AAPL,2019-05-01 09:35:18.074201,200.27,80
AAPL,2019-05-01 09:35:18.084712,200.36,50
BAC,2019-05-01 09:35:18.193049,30.535,40
AAPL,2019-05-01 09:35:18.326848,200.31,100
CVX,2019-05-01 09:35:18.417844,120.67,260
CVX,2019-05-01 09:35:18.519950,120.84,400
BAC,2019-05-01 09:35:18.709383,30.5349,80
AAPL,2019-05-01 09:35:19.260058,200.25,50
CVX,2019-05-01 09:35:19.318780,120.82,160
AAPL,2019-05-01 09:35:19.495024,200.12,50
BAC,2019-05-01 09:35:19.502136,30.53,40
CVX,2019-05-01 09:35:19.520457,120.93,150
CVX,2019-05-01 09:35:19.627496,121.02,440
AAPL,2019-05-01 09:35:20.404102,200.05,60
BAC,2019-05-01 09:35:20.429841,30.51,70
CVX,2019-05-01 09:35:20.492416,120.92,150
CVX,2019-05-01 09:35:20.614493,120.98,160
BAC,2019-05-01 09:35:20.992494,30.52,50
BAC,2019-05-01 09:35:21.191254,30.55,60
AAPL,2019-05-01 09:35:21.367478,200.09,50
BAC,2019-05-01 09:35:21.484518,30.5117,100
CVX,2019-05-01 09:35:21.552429,121.045,160
CVX,2019-05-01 09:35:21.558765,120.88,390
AAPL,2019-05-01 09:35:21.799419,200.09,50
AAPL,2019-05-01 09:35:21.847722,200.16,50
CVX,2019-05-01 09:35:22.047866,121.03,420
BAC,2019-05-01 09:35:22.415374,30.5,60
AAPL,2019-05-01 09:35:22.733904,200.2232,60
CVX,2019-05-01 09:35:22.792721,121.08,440
CVX,2019-05-01 09:35:22.932826,121.17,670
BAC,2019-05-01 09:35:23.058445,30.5,30
AAPL,2019-05-01 09:35:23.159079,200.12,60
BAC,2019-05-01 09:35:23.325374,30.525,30
BAC,2019-05-01 09:35:23.728119,30.525,40
CVX,2019-05-01 09:35:23.908242,121.1,640
AAPL,2019-05-01 09:35:23.982629,200.02,80
AAPL,2019-05-01 09:35:24.322112,199.81,70
BAC,2019-05-01 09:35:24.386073,30.54,70
BAC,2019-05-01 09:35:24.426894,30.525,90
CVX,2019-05-01 09:35:24.449597,121.21,940
CVX,2019-05-01 09:35:24.713084,121.25,190
AAPL,2019-05-01 09:35:24.744212,199.8299,40
BAC,2019-05-01 09:35:25.165499,30.56,10
BAC,2019-05-01 09:35:25.448219,30.56,20
AAPL,2019-05-01 09:35:25.626755,199.8787,60
CVX,2019-05-01 09:35:25.662683,121.2475,280
CVX,2019-05-01 09:35:25.764133,121.3,430
CVX,2019-05-01 09:35:25.801497,121.4,430
BAC,2019-05-01 09:35:26.136082,30.56,60
AAPL,2019-05-01 09:35:26.266475,199.9029,110
CVX,2019-05-01 09:35:26.431618,121.33,700
CVX,2019-05-01 09:35:26.467540,121.37,300
BAC,2019-05-01 09:35:26.685290,30.5401,90
BAC,2019-05-01 09:35:26.963472,30.525,50
AAPL,2019-05-01 09:35:27.092409,199.84,60
CVX,2019-05-01 09:35:27.338769,121.43,150
BAC,2019-05-01 09:35:27.646272,30.52,40
BAC,2019-05-01 09:35:27.899196,30.5,80
CVX,2019-05-01 09:35:27.943529,121.45,220
AAPL,2019-05-01 09:35:27.990920,199.83,150
CVX,2019-05-01 09:35:28.117313,121.435,210
AAPL,2019-05-01 09:35:28.216029,199.89,60
BAC,2019-05-01 09:35:28.446256,30.53,60
CVX,2019-05-01 09:35:28.728718,121.5,480
CVX,2019-05-01 09:35:28.934754,121.51,250
AAPL,2019-05-01 09:35:28.990810,199.68,80
AAPL,2019-05-01 09:35:29.003088,199.69,90
BAC,2019-05-01 09:35:29.329419,30.51,70
CVX,2019-05-01 09:35:29.476113,121.5,190
BAC,2019-05-01 09:35:29.891987,30.495,40
AAPL,2019-05-01 09:35:29.993239,199.71,80
CVX,2019-05-01 09:35:30.239494,121.57,360
BAC,2019-05-01 09:35:30.574540,30.475,100
CVX,2019-05-01 09:35:30.671654,121.52,660
AAPL,2019-05-01 09:35:30.928259,199.9,50
AAPL,2019-05-01 09:35:31.304017,199.8,90
BAC,2019-05-01 09:35:31.375712,30.44,90
CVX,2019-05-01 09:35:31.596182,121.35,220
CVX,2019-05-01 09:35:31.763236,121.38,320
AAPL,2019-05-01 09:35:31.766044,199.82,60
BAC,2019-05-01 09:35:31.945807,30.48,20
CVX,2019-05-01 09:35:32.173245,121.27,290
CVX,2019-05-01 09:35:32.248333,121.23,200
CVX,2019-05-01 09:35:32.308761,121.23,170
AAPL,2019-05-01 09:35:32.494937,199.9115,90
AAPL,2019-05-01 09:35:32.527400,199.96,90
AAPL,2019-05-01 09:35:32.763886,199.9471,70
CVX,2019-05-01 09:35:32.764740,121.2009,320
CVX,2019-05-01 09:35:32.813683,121.14,370
BAC,2019-05-01 09:35:32.918531,30.48,50
CVX,2019-05-01 09:35:33.213393,121.17,170
AAPL,2019-05-01 09:35:33.551963,199.8391,80
BAC,2019-05-01 09:35:33.767940,30.4939,200
CVX,2019-05-01 09:35:33.858183,121.19,140
CVX,2019-05-01 09:35:34.459026,121.16,450
CVX,2019-05-01 09:35:34.474977,121.145,70
AAPL,2019-05-01 09:35:34.495720,199.88,160
BAC,2019-05-01 09:35:34.643441,30.46,130
AAPL,2019-05-01 09:35:34.904851,199.72,190
BAC,2019-05-01 09:35:35.093892,30.45,80
CVX,2019-05-01 09:35:35.208901,121.08,630
CVX,2019-05-01 09:35:35.356302,121.09,180
BAC,2019-05-01 09:35:35.553036,30.48,120
AAPL,2019-05-01 09:35:35.555585,199.7303,110
AAPL,2019-05-01 09:35:35.838294,199.665,130
CVX,2019-05-01 09:35:36.251199,121.19,340
CVX,2019-05-01 09:35:36.397905,121.115,240
CVX,2019-05-01 09:35:36.474033,121.2,280
BAC,2019-05-01 09:35:36.511418,30.485,80
AAPL,2019-05-01 09:35:36.705303,199.5533,180
CVX,2019-05-01 09:35:36.797171,121.06,280
CVX,2019-05-01 09:35:37.198958,121.01,430
AAPL,2019-05-01 09:35:37.305811,199.22,230
BAC,2019-05-01 09:35:37.487970,30.485,100
AAPL,2019-05-01 09:35:37.641678,199.48,110
CVX,2019-05-01 09:35:37.658551,121.1,340
BAC,2019-05-01 09:35:37.817641,30.5,70
CVX,2019-05-01 09:35:38.276158,121.05,460
AAPL,2019-05-01 09:35:38.293505,199.6,180
CVX,2019-05-01 09:35:38.411065,121.07,670
AAPL,2019-05-01 09:35:38.423973,199.3941,150
CVX,2019-05-01 09:35:38.440025,121.2344,220
BAC,2019-05-01 09:35:38.624905,30.45,80
CVX,2019-05-01 09:35:38.752030,121.16,430
AAPL,2019-05-01 09:35:39.171154,199.61,200
CVX,2019-05-01 09:35:39.173472,121.135,440
BAC,2019-05-01 09:35:39.606793,30.445,80
CVX,2019-05-01 09:35:39.608494,121.085,750
AAPL,2019-05-01 09:35:39.699132,199.45,230
CVX,2019-05-01 09:35:39.926686,121.26,260
AAPL,2019-05-01 09:35:40.118708,199.49,940
CVX,2019-05-01 09:35:40.276330,121.33,360
BAC,2019-05-01 09:35:40.513325,30.455,180
BAC,2019-05-01 09:35:40.515441,30.465,110
CVX,2019-05-01 09:35:40.515784,121.285,290
BAC,2019-05-01 09:35:40.554548,30.475,50
CVX,2019-05-01 09:35:41.002822,121.36,170
AAPL,2019-05-01 09:35:41.003665,200.27,60
AAPL,2019-05-01 09:35:41.071340,200.343,50
BAC,2019-05-01 09:35:41.493016,30.465,30
BAC,2019-05-01 09:35:41.506288,30.485,50
CVX,2019-05-01 09:35:41.626074,121.37,320
AAPL,2019-05-01 09:35:41.928776,200.4,90
CVX,2019-05-01 09:35:42.012862,121.27,150
BAC,2019-05-01 09:35:42.053338,30.455,80
CVX,2019-05-01 09:35:42.291664,121.23,190
AAPL,2019-05-01 09:35:42.752180,200.28,100
CVX,2019-05-01 09:35:42.781448,121.17,150
AAPL,2019-05-01 09:35:42.838176,200.31,170
CVX,2019-05-01 09:35:42.872298,121.17,260
AAPL,2019-05-01 09:35:42.873318,200.48,90
BAC,2019-05-01 09:35:42.950846,30.475,100
BAC,2019-05-01 09:35:43.106486,30.49,90
CVX,2019-05-01 09:35:43.134604,121.09,1060
BAC,2019-05-01 09:35:43.263472,30.47,120
AAPL,2019-05-01 09:35:43.623530,200.52,140
BAC,2019-05-01 09:35:43.762528,30.47,70
CVX,2019-05-01 09:35:43.916889,121.06,310
BAC,2019-05-01 09:35:44.126207,30.485,50
BAC,2019-05-01 09:35:44.194651,30.49,120
AAPL,2019-05-01 09:35:44.279282,200.61,80
AAPL,2019-05-01 09:35:44.316859,200.6281,60
CVX,2019-05-01 09:35:44.387015,121.01,500
AAPL,2019-05-01 09:35:44.437982,200.75,50
AAPL,2019-05-01 09:35:44.668328,200.87900000000002,40
BAC,2019-05-01 09:35:44.688300,30.52,200
AAPL,2019-05-01 09:35:45.043466,201.0504,40
CVX,2019-05-01 09:35:45.116653,121.16,310
BAC,2019-05-01 09:35:45.465342,30.49,120
AAPL,2019-05-01 09:35:45.531761,201.06,70
AAPL,2019-05-01 09:35:45.832425,200.96,80
CVX,2019-05-01 09:35:45.961107,121.09,220
BAC,2019-05-01 09:35:46.002745,30.4734,50
BAC,2019-05-01 09:35:46.036617,30.47,90
AAPL,2019-05-01 09:35:46.189389,200.98,40
BAC,2019-05-01 09:35:46.200549,30.47,160
CVX,2019-05-01 09:35:46.335599,121.04,220
AAPL,2019-05-01 09:35:46.476243,201.0,30
CVX,2019-05-01 09:35:46.840381,121.08,330
BAC,2019-05-01 09:35:46.982577,30.45,110
BAC,2019-05-01 09:35:47.042963,30.495,90
AAPL,2019-05-01 09:35:47.138159,200.96200000000002,60
BAC,2019-05-01 09:35:47.514189,30.48,70
CVX,2019-05-01 09:35:47.648611,121.13,170
BAC,2019-05-01 09:35:47.821027,30.48,160
BAC,2019-05-01 09:35:47.896308,30.475,280
AAPL,2019-05-01 09:35:47.996551,200.95,40
AAPL,2019-05-01 09:35:48.102492,200.9999,40
CVX,2019-05-01 09:35:48.222094,121.08,220
BAC,2019-05-01 09:35:48.330748,30.425,70
CVX,2019-05-01 09:35:48.646252,121.06,460
CVX,2019-05-01 09:35:48.870962,121.08,350
AAPL,2019-05-01 09:35:49.066231,201.0675,80
BAC,2019-05-01 09:35:49.209069,30.45,100
AAPL,2019-05-01 09:35:49.415999,201.13,50
CVX,2019-05-01 09:35:49.850891,121.28,200
BAC,2019-05-01 09:35:49.946876,30.45,270
AAPL,2019-05-01 09:35:50.164726,201.1355,70
CVX,2019-05-01 09:35:50.479140,121.51,270
BAC,2019-05-01 09:35:50.686434,30.475,240
AAPL,2019-05-01 09:35:50.865089,201.1287,60
AAPL,2019-05-01 09:35:51.227159,201.06,100
CVX,2019-05-01 09:35:51.437706,121.522,880
CVX,2019-05-01 09:35:51.490120,121.589,300
BAC,2019-05-01 09:35:51.605377,30.44,190
BAC,2019-05-01 09:35:51.622169,30.419,450
AAPL,2019-05-01 09:35:51.742455,201.05,50
BAC,2019-05-01 09:35:51.863564,30.45,100
CVX,2019-05-01 09:35:51.984212,121.5463,480
BAC,2019-05-01 09:35:52.006489,30.48,210
BAC,2019-05-01 09:35:52.103255,30.49,180
AAPL,2019-05-01 09:35:52.185607,201.13,50
CVX,2019-05-01 09:35:52.552263,121.5,400
CVX,2019-05-01 09:35:52.765154,121.6,370
AAPL,2019-05-01 09:35:52.865319,201.11,40
BAC,2019-05-01 09:35:52.974624,30.465,200
CVX,2019-05-01 09:35:53.059300,121.58,310
BAC,2019-05-01 09:35:53.377226,30.465,320
AAPL,2019-05-01 09:35:53.671962,201.01,70
BAC,2019-05-01 09:35:53.840534,30.51,60
CVX,2019-05-01 09:35:54.019795,121.495,780
AAPL,2019-05-01 09:35:54.551293,201.09,100
BAC,2019-05-01 09:35:54.622658,30.5258,170
CVX,2019-05-01 09:35:54.782297,121.465,420
AAPL,2019-05-01 09:35:54.867570,201.07,80
BAC,2019-05-01 09:35:55.198907,30.5509,330
BAC,2019-05-01 09:35:55.524586,30.595,100
CVX,2019-05-01 09:35:55.542162,121.435,370
AAPL,2019-05-01 09:35:55.761755,201.095,190
CVX,2019-05-01 09:35:56.096969,121.46,430
CVX,2019-05-01 09:35:56.177447,121.5,460
BAC,2019-05-01 09:35:56.458748,30.61,10
AAPL,2019-05-01 09:35:56.561219,200.8279,150
CVX,2019-05-01 09:35:56.743272,121.48,1370
BAC,2019-05-01 09:35:57.086623,30.61,120
CVX,2019-05-01 09:35:57.340575,121.4601,820
CVX,2019-05-01 09:35:57.404145,121.3838,490
AAPL,2019-05-01 09:35:57.528463,201.13,60
CVX,2019-05-01 09:35:57.625162,121.43,450
BAC,2019-05-01 09:35:57.761382,30.63,50
CVX,2019-05-01 09:35:58.048238,121.3,390
BAC,2019-05-01 09:35:58.392244,30.63,150
AAPL,2019-05-01 09:35:58.492265,201.16,50
CVX,2019-05-01 09:35:58.535920,121.25,280
CVX,2019-05-01 09:35:58.727506,121.175,880
BAC,2019-05-01 09:35:58.740111,30.61,210
CVX,2019-05-01 09:35:58.949538,121.16,310
CVX,2019-05-01 09:35:59.060655,121.0,400
AAPL,2019-05-01 09:35:59.148644,201.1772,100
BAC,2019-05-01 09:35:59.435249,30.61,60
CVX,2019-05-01 09:35:59.599855,121.2344,190
AAPL,2019-05-01 09:35:59.846404,201.28,90
CVX,2019-05-01 09:35:59.981297,121.23,420
BAC,2019-05-01 09:36:00.327868,30.61,90
AAPL,2019-05-01 09:36:00.329306,201.24,90
BAC,2019-05-01 09:36:00.445648,30.595,60
CVX,2019-05-01 09:36:00.649412,121.23,1430
CVX,2019-05-01 09:36:00.782949,121.235,290
CVX,2019-05-01 09:36:00.928112,121.26,300
AAPL,2019-05-01 09:36:00.928317,201.1,140
AAPL,2019-05-01 09:36:01.127787,200.9029,70
CVX,2019-05-01 09:36:01.157443,121.18,670
BAC,2019-05-01 09:36:01.251840,30.615,30
CVX,2019-05-01 09:36:01.605193,121.06,780
CVX,2019-05-01 09:36:01.652061,120.985,910
AAPL,2019-05-01 09:36:01.709341,200.8,40
CVX,2019-05-01 09:36:01.756247,121.1,520
BAC,2019-05-01 09:36:01.802661,30.62,40
BAC,2019-05-01 09:36:02.002219,30.625,60
CVX,2019-05-01 09:36:02.027708,121.3,430
CVX,2019-05-01 09:36:02.201469,121.28,680
AAPL,2019-05-01 09:36:02.562607,200.72,50
BAC,2019-05-01 09:36:02.687042,30.64,90
AAPL,2019-05-01 09:36:02.887004,200.81,70
CVX,2019-05-01 09:36:03.008870,121.37,390
AAPL,2019-05-01 09:36:03.130174,200.84,50
BAC,2019-05-01 09:36:03.192327,30.6554,80
CVX,2019-05-01 09:36:03.377690,121.38,850
CVX,2019-05-01 09:36:03.792717,121.4,580
AAPL,2019-05-01 09:36:03.865300,200.72,60
AAPL,2019-05-01 09:36:03.975878,200.6541,110
CVX,2019-05-01 09:36:04.044945,121.35,470
AAPL,2019-05-01 09:36:04.086845,200.76,130
BAC,2019-05-01 09:36:04.092033,30.6301,70
AAPL,2019-05-01 09:36:04.403244,200.9622,100
BAC,2019-05-01 09:36:04.918246,30.65,60
CVX,2019-05-01 09:36:05.008734,121.39,450
CVX,2019-05-01 09:36:05.062312,121.385,790
AAPL,2019-05-01 09:36:05.121119,200.99,170
AAPL,2019-05-01 09:36:05.414548,200.55,150
CVX,2019-05-01 09:36:05.717473,121.29,830
CVX,2019-05-01 09:36:05.816168,121.43,630
BAC,2019-05-01 09:36:05.865320,30.67,160
AAPL,2019-05-01 09:36:06.388644,200.58,130
BAC,2019-05-01 09:36:06.543925,30.64,60
CVX,2019-05-01 09:36:06.775589,121.45,820
BAC,2019-05-01 09:36:06.951480,30.635,170
AAPL,2019-05-01 09:36:07.323459,200.6699,70
BAC,2019-05-01 09:36:07.327336,30.62,140
AAPL,2019-05-01 09:36:07.473308,200.73,90
AAPL,2019-05-01 09:36:07.542236,200.74,160
CVX,2019-05-01 09:36:07.551757,121.43,780
BAC,2019-05-01 09:36:08.025099,30.655,160
AAPL,2019-05-01 09:36:08.060368,200.78,150
CVX,2019-05-01 09:36:08.177869,121.465,700
AAPL,2019-05-01 09:36:08.484441,200.77,110
CVX,2019-05-01 09:36:08.798234,121.35,570
AAPL,2019-05-01 09:36:08.853345,200.69,140
BAC,2019-05-01 09:36:08.969661,30.71,80
CVX,2019-05-01 09:36:09.037232,121.38,1050
AAPL,2019-05-01 09:36:09.689663,200.8994,70
AAPL,2019-05-01 09:36:09.734346,200.88,130
BAC,2019-05-01 09:36:09.819349,30.7,60
CVX,2019-05-01 09:36:09.864927,121.54,500
AAPL,2019-05-01 09:36:10.217419,200.9,120
BAC,2019-05-01 09:36:10.561789,30.705,150
CVX,2019-05-01 09:36:10.590102,121.58,580
BAC,2019-05-01 09:36:10.604109,30.69,40
BAC,2019-05-01 09:36:10.856088,30.705,270
CVX,2019-05-01 09:36:10.916882,121.53,560
AAPL,2019-05-01 09:36:10.937694,201.04,150
CVX,2019-05-01 09:36:11.275909,121.6,1200
AAPL,2019-05-01 09:36:11.283353,201.12,80
BAC,2019-05-01 09:36:11.288010,30.74,90
BAC,2019-05-01 09:36:11.458259,30.73,110
AAPL,2019-05-01 09:36:11.476724,201.115,100
AAPL,2019-05-01 09:36:11.979915,201.38,190
BAC,2019-05-01 09:36:12.014225,30.715,90
CVX,2019-05-01 09:36:12.125824,121.56,780
BAC,2019-05-01 09:36:12.387029,30.705,40
AAPL,2019-05-01 09:36:12.412372,201.19,260
CVX,2019-05-01 09:36:12.485664,121.6392,1020
AAPL,2019-05-01 09:36:12.966049,200.8707,230
CVX,2019-05-01 09:36:13.020821,121.63,1610
BAC,2019-05-01 09:36:13.282808,30.695,50
CVX,2019-05-01 09:36:13.283899,121.63,1710
CVX,2019-05-01 09:36:13.385918,121.87,1430
AAPL,2019-05-01 09:36:13.536973,200.37,210
BAC,2019-05-01 09:36:13.803185,30.685,20
CVX,2019-05-01 09:36:14.015208,121.8237,2050
AAPL,2019-05-01 09:36:14.217040,200.479,180
CVX,2019-05-01 09:36:14.366209,121.64,1930
BAC,2019-05-01 09:36:14.422060,30.685,370
AAPL,2019-05-01 09:36:14.756409,200.5056,170
AAPL,2019-05-01 09:36:14.804805,200.6449,240
AAPL,2019-05-01 09:36:14.810237,200.94,230
CVX,2019-05-01 09:36:14.916045,121.22,1290
AAPL,2019-05-01 09:36:14.927089,201.17,120
BAC,2019-05-01 09:36:15.362571,30.67,210
AAPL,2019-05-01 09:36:15.473642,201.28,120
CVX,2019-05-01 09:36:15.527900,121.215,950
BAC,2019-05-01 09:36:15.613927,30.68,150
AAPL,2019-05-01 09:36:15.956839,201.26,210
AAPL,2019-05-01 09:36:16.171493,201.28,150
BAC,2019-05-01 09:36:16.364518,30.67,40
BAC,2019-05-01 09:36:16.430711,30.6599,80
CVX,2019-05-01 09:36:16.495965,121.09,570
AAPL,2019-05-01 09:36:16.506318,201.454,120
AAPL,2019-05-01 09:36:16.814917,201.36,110
AAPL,2019-05-01 09:36:16.996277,201.36,90
BAC,2019-05-01 09:36:17.131579,30.655,90
CVX,2019-05-01 09:36:17.485485,120.92,1200
CVX,2019-05-01 09:36:17.540010,121.09,670
CVX,2019-05-01 09:36:17.901531,120.88,1030
AAPL,2019-05-01 09:36:17.950594,201.53,110
BAC,2019-05-01 09:36:17.995504,30.62,170
BAC,2019-05-01 09:36:18.391843,30.6,100
CVX,2019-05-01 09:36:18.433311,121.0998,1950
BAC,2019-05-01 09:36:18.637835,30.605,70
AAPL,2019-05-01 09:36:18.778742,202.08,120
CVX,2019-05-01 09:36:19.155476,120.88,1390
AAPL,2019-05-01 09:36:19.499768,202.285,140
BAC,2019-05-01 09:36:19.578949,30.63,130
CVX,2019-05-01 09:36:19.970962,120.91,2350
AAPL,2019-05-01 09:36:20.024790,202.02,150
CVX,2019-05-01 09:36:20.306895,121.14,1360
BAC,2019-05-01 09:36:20.418453,30.575,90
BAC,2019-05-01 09:36:20.432342,30.58,70
AAPL,2019-05-01 09:36:20.501610,201.91,150
AAPL,2019-05-01 09:36:20.701834,201.7501,100
AAPL,2019-05-01 09:36:20.827201,201.94,80
CVX,2019-05-01 09:36:21.043280,120.8536,2770
CVX,2019-05-01 09:36:21.202010,121.18,1710
AAPL,2019-05-01 09:36:21.280188,201.84,80
BAC,2019-05-01 09:36:21.385872,30.56,120
AAPL,2019-05-01 09:36:21.676683,201.45,160
CVX,2019-05-01 09:36:21.970671,121.135,1500
BAC,2019-05-01 09:36:22.230111,30.565,130
AAPL,2019-05-01 09:36:22.297893,201.7801,150
AAPL,2019-05-01 09:36:22.457577,201.86,200
CVX,2019-05-01 09:36:22.473837,121.03,1250
CVX,2019-05-01 09:36:22.762947,121.14,4140
BAC,2019-05-01 09:36:23.223412,30.575,200
AAPL,2019-05-01 09:36:23.349852,201.41,510
CVX,2019-05-01 09:36:23.479605,121.21,14250
BAC,2019-05-01 09:36:23.540039,30.585,80
AAPL,2019-05-01 09:36:24.080400,202.45,100
CVX,2019-05-01 09:36:24.107642,117.7,3620
AAPL,2019-05-01 09:36:24.374866,202.5,160
BAC,2019-05-01 09:36:24.381175,30.605,30
BAC,2019-05-01 09:36:24.555834,30.62,80
AAPL,2019-05-01 09:36:24.564582,202.75,90
BAC,2019-05-01 09:36:24.655188,30.625,80
CVX,2019-05-01 09:36:24.691207,117.97,1680
CVX,2019-05-01 09:36:24.720233,118.02,1820
CVX,2019-05-01 09:36:24.801914,117.89,680
BAC,2019-05-01 09:36:24.949536,30.615,110
AAPL,2019-05-01 09:36:25.052051,202.85,160
CVX,2019-05-01 09:36:25.230312,117.86,740
AAPL,2019-05-01 09:36:25.512777,202.9175,100
BAC,2019-05-01 09:36:25.637075,30.61,80
AAPL,2019-05-01 09:36:25.826411,203.09,100
CVX,2019-05-01 09:36:26.005099,117.795,400
BAC,2019-05-01 09:36:26.098892,30.635,70
CVX,2019-05-01 09:36:26.396979,117.8,470
AAPL,2019-05-01 09:36:26.706238,203.02,140
BAC,2019-05-01 09:36:26.725836,30.6265,110
CVX,2019-05-01 09:36:27.028170,117.8,390
AAPL,2019-05-01 09:36:27.166695,203.1304,170
AAPL,2019-05-01 09:36:27.203426,202.7,980
BAC,2019-05-01 09:36:27.566274,30.5901,80
AAPL,2019-05-01 09:36:27.700535,204.61,290
CVX,2019-05-01 09:36:27.745879,117.8,410
AAPL,2019-05-01 09:36:28.012644,204.58,120
BAC,2019-05-01 09:36:28.341688,30.59,160
CVX,2019-05-01 09:36:28.531144,117.8,370
BAC,2019-05-01 09:36:28.536644,30.59,140
AAPL,2019-05-01 09:36:28.539192,204.5699,50
CVX,2019-05-01 09:36:28.643336,117.805,190
CVX,2019-05-01 09:36:28.803363,117.795,240
CVX,2019-05-01 09:36:28.914283,117.75,240
BAC,2019-05-01 09:36:29.008104,30.595,160
BAC,2019-05-01 09:36:29.140127,30.64,140
AAPL,2019-05-01 09:36:29.374382,204.47,110
CVX,2019-05-01 09:36:29.422246,117.72,200
CVX,2019-05-01 09:36:29.440085,117.7099,430
AAPL,2019-05-01 09:36:29.881371,204.52,220
BAC,2019-05-01 09:36:29.891811,30.665,160
CVX,2019-05-01 09:36:30.172833,117.66,130
AAPL,2019-05-01 09:36:30.217606,204.45,110
BAC,2019-05-01 09:36:30.265929,30.655,80
CVX,2019-05-01 09:36:30.774867,117.65,130
AAPL,2019-05-01 09:36:30.815795,204.54,60
CVX,2019-05-01 09:36:30.896957,117.65,290
BAC,2019-05-01 09:36:31.150313,30.665,120
CVX,2019-05-01 09:36:31.395592,117.62,160
AAPL,2019-05-01 09:36:31.588086,204.6001,210
BAC,2019-05-01 09:36:32.019243,30.665,80
BAC,2019-05-01 09:36:32.048998,30.66,60
CVX,2019-05-01 09:36:32.180116,117.65,150
BAC,2019-05-01 09:36:32.330923,30.65,170
AAPL,2019-05-01 09:36:32.559509,204.71,50
CVX,2019-05-01 09:36:32.986221,117.67,100
BAC,2019-05-01 09:36:33.076036,30.655,190
BAC,2019-05-01 09:36:33.116590,30.645,290
AAPL,2019-05-01 09:36:33.123730,204.6969,50
CVX,2019-05-01 09:36:33.656273,117.67,140
BAC,2019-05-01 09:36:33.690546,30.665,210
CVX,2019-05-01 09:36:33.855436,117.69,90
AAPL,2019-05-01 09:36:34.002120,204.7698,50
AAPL,2019-05-01 09:36:34.012650,204.81,40
BAC,2019-05-01 09:36:34.134366,30.66,320
AAPL,2019-05-01 09:36:34.310086,204.8937,40
AAPL,2019-05-01 09:36:34.570187,204.96,40
BAC,2019-05-01 09:36:34.590765,30.62,170
BAC,2019-05-01 09:36:34.680110,30.63,230
CVX,2019-05-01 09:36:34.685203,117.6444,140
CVX,2019-05-01 09:36:35.117254,117.6201,200
AAPL,2019-05-01 09:36:35.164635,204.87,80
AAPL,2019-05-01 09:36:35.375618,204.95,50
BAC,2019-05-01 09:36:35.480987,30.585,370
BAC,2019-05-01 09:36:35.519885,30.605,210
BAC,2019-05-01 09:36:35.672839,30.595,180
CVX,2019-05-01 09:36:35.870594,117.64,230
AAPL,2019-05-01 09:36:35.916715,205.0922,50
BAC,2019-05-01 09:36:36.070011,30.615,160
CVX,2019-05-01 09:36:36.653933,117.64,220
AAPL,2019-05-01 09:36:36.849165,205.1333,40
BAC,2019-05-01 09:36:36.938199,30.6499,200
CVX,2019-05-01 09:36:36.955736,117.63,90
AAPL,2019-05-01 09:36:36.967837,205.2,30
BAC,2019-05-01 09:36:37.206904,30.6853,270
AAPL,2019-05-01 09:36:37.391420,205.21,40
CVX,2019-05-01 09:36:37.763051,117.68,170
AAPL,2019-05-01 09:36:37.766847,205.17,30
BAC,2019-05-01 09:36:37.793789,30.715,180
CVX,2019-05-01 09:36:37.884355,117.63,100
CVX,2019-05-01 09:36:38.052327,117.5844,40
AAPL,2019-05-01 09:36:38.335197,205.095,20
BAC,2019-05-01 09:36:38.504387,30.745,190
CVX,2019-05-01 09:36:38.512755,117.5745,180
BAC,2019-05-01 09:36:38.901039,30.7,140
CVX,2019-05-01 09:36:39.173110,117.565,90
AAPL,2019-05-01 09:36:39.239280,205.127,40
CVX,2019-05-01 09:36:39.322686,117.55,180
BAC,2019-05-01 09:36:39.571281,30.715,100
BAC,2019-05-01 09:36:39.627047,30.78,100
CVX,2019-05-01 09:36:39.989920,117.53,300
BAC,2019-05-01 09:36:40.035167,30.815,130
AAPL,2019-05-01 09:36:40.117261,205.18,40
